1586 2476
477 95 902 133 DECLAMATIONES.
930 94 1029 132 CCL.
1344 93 1400 138 25

533 202 981 248 DECLAMATIO.

167 307 170 309 ,
207 264 598 321 »Ignominioso
628 279 687 308 ne
719 278 817 321 qua
850 265 920 308 sit
953 264 1138 307 actia«

204 324 251 369 Si
275 323 404 379 hodie
429 325 619 380 primum
651 325 853 380 deferret,
877 337 1054 368 necesse
1086 323 1278 366 habebat
1308 323 1401 379 pati

114 384 412 428 condicionem
431 384 636 428 fortunae
655 398 777 427 suae:
807 398 922 428 nunc
941 383 1269 440 praescribendi
1293 385 1400 425 tem·

113 455 196 499 pus
219 444 350 487 abiit.
411 446 507 487 tum
540 444 655 486 enim
685 444 982 499 praescribere
1013 443 1220 498 debuisti,
1259 442 1297 485 si
1327 456 1402 498 po·
1429 451 1448 485 5

113 506 245 560 teras,
276 517 373 547 eum
401 503 569 546 delatus
595 517 654 559 es,
678 506 725 546 et
748 503 794 545 in
819 504 902 546 hoc
927 504 1069 560 ipsum
1095 502 1403 559 praescribere,

114 575 168 606 ne
201 563 401 606 deferret.
438 577 577 619 neque
609 563 724 606 enim
754 563 847 606 ulla
877 563 1165 619 praescriptio
1198 561 1404 605 incohata

117 622 278 666 indicia
302 623 455 679 peragi
479 625 614 678 vetat,
645 623 680 665 si
706 623 901 666 incohari
928 622 1162 678 aliquando
1187 621 1405 678 prohibet.

114 682 232 726 actio
253 683 347 738 isti,
379 682 448 726 cui
473 682 753 739 praescribis,
785 682 888 725 data
912 685 999 725 est:
1027 695 1108 724 nec
1127 682 1231 724 data
1251 681 1403 736 solum,

112 754 263 785 verum
278 742 412 785 etiam
425 742 644 785 incohata.
674 743 860 785 invicem
875 742 937 784 rei
951 741 1109 785 fuistis.
1141 741 1245 796 quid
1258 740 1403 783 enim?
1429 750 1474 784 10

113 803 163 844 tu
193 802 370 844 initium
400 804 531 857 putas
563 802 766 857 actionis,
798 815 896 844 cum
927 801 1089 844 iudices
1115 800 1404 856 consederint,

114 873 212 904 cum
238 861 292 904 ad
319 861 547 915 dicendum
579 861 816 904 surrexerit
845 859 1026 904 orator?
1061 860 1253 903 minime.
1291 859 1405 902 hunc

114 920 229 963 enim
249 922 297 963 tu
315 921 458 963 vicisti
477 920 688 963 felicitate
706 921 953 975 sortitionis,
980 923 1025 962 et
1042 921 1124 975 lex,
1150 934 1261 975 quae
1281 919 1404 976 igno-

113 979 301 1022 minioso
330 993 420 1022 non
451 979 571 1022 dedit
614 980 846 1034 actionem,
877 980 961 1022 hoc
993 979 1319 1035 [ex]spectavit,
1349 992 1404 1021 ne

112 1039 290 1082 omnino
320 1039 368 1081 in
399 1050 574 1082 causam
601 1039 807 1082 educendi
832 1042 1097 1095 potestatem
1123 1039 1318 1094 haberet,
1348 1052 1403 1082 ne
1430 1049 1473 1081 15

110 1108 235 1141 reum
265 1096 464 1154 faciendi,
493 1112 549 1141 ne
579 1099 624 1141 in
656 1099 895 1154 periculum
920 1099 1196 1155 perducendi.
1229 1112 1341 1154 quae
1367 1098 1405 1140 si

114 1158 262 1201 omnia
274 1158 363 1201 iam
381 1158 498 1201 facta
518 1161 631 1214 sunt,
648 1161 821 1214 tempus
842 1159 1197 1215 praescriptionis
1217 1158 1406 1200 transiit.

111 1217 294 1260 Accedit
325 1220 369 1260 et
398 1218 525 1273 illud,
564 1218 679 1273 quod
712 1218 1008 1274 quaerendum
1047 1221 1131 1273 est,
1180 1217 1406 1274 ignomi-

112 1277 260 1320 nioso
285 1291 346 1320 ne
373 1292 469 1333 qua
496 1278 566 1319 sit
593 1278 731 1320 actio
758 1278 1086 1320 iniuriarum:
1114 1277 1228 1332 (an)
1245 1291 1406 1332 earum,

116 1350 225 1392 quae
263 1335 407 1379 factae
447 1337 554 1392 sint,
600 1340 758 1392 postea
801 1352 932 1392 quam
963 1337 1280 1394 ignominiosus
1313 1350 1406 1378 esse
1432 1347 1477 1380 20

115 1395 270 1450 coepit.
321 1395 424 1438 fecit
455 1395 659 1438 iniuriam
693 1396 850 1451 aliquis
884 1396 935 1452 ei,
967 1397 1072 1438 fecit
1096 1396 1262 1438 frustra
1285 1395 1407 1452 igno-

115 1455 316 1498 minioso.
355 1454 528 1497 videtur
559 1455 702 1497 minus
734 1469 949 1510 peccasse,
981 1471 1110 1512 quam
1144 1456 1182 1498 si
1215 1455 1403 1510 aliquem

112 1513 264 1570 civem,
283 1514 353 1556 0111
371 1514 542 1571 integer
569 1516 707 1557 status
734 1516 900 1570 es[se]t,
921 1515 1135 1558 laesisset.
1166 1514 1283 1557 hunc
1309 1529 1406 1557 con-

111 1573 329 1629 temptum
370 1573 520 1630 utique
557 1574 700 1616 noluit
737 1572 1029 1617 damnationis
1062 1574 1133 1617 lex
1165 1587 1279 1629 esse,
1321 1574 1407 1616 nisi

109 1635 214 1733 gost
226 1629 563 1675 damnationem.
594 1632 677 1675 hoc
696 1635 855 1686 autem,
876 1631 928 1676 de
949 1647 1033 1690 quo
1057 1634 1289 1690 quaeritur,
1305 1647 1404 1676 con-
1432 1645 1476 1677 25

142 1689 278 1735 tearis
293 1694 478 1749 oportet,
497 1693 641 1735 actum
662 1706 757 1736 esse
773 1695 874 1736 ante
891 1693 1228 1737 damnationem.
1260 1693 1406 1748 (non)

111 1753 204 1794 tam
235 1751 530 1820 ignominioso
562 1750 706 1795 noiuit
731 1751 859 1809 (lex)
889 1767 982 1796 esse
1009 1754 1244 1808 actionem,
1276 1767 1408 1809 quam

108 1810 124 1853 i
188 1808 375 1854 ommiae
406 1809 663 1869 vindictam3
701 1814 752 1855 ut
791 1813 830 1855 si
861 1813 928 1855 ius
962 1812 1132 1856 emendi
1163 1813 1408 1856 auferretur

138 1873 327 1927 amnato,
346 1871 574 1914 manerent
590 1873 742 1914 tamen
756 1885 817 1928 ea,
839 1886 949 1928 quae
965 1872 1156 1926 emisset,
1169 1875 1406 1926 antequam

108 1928 398 1974 damnaretur.
430 1941 534 1986 ergo
555 1942 646 1974 11011
657 1932 856 1987 tempore
869 1932 1144 1988 praescribis,
1162 1946 1242 1975 nec
1260 1931 1402 1988 perire
1429 1943 1474 1975 30

106 2002 156 2032 ea
184 2004 318 2033 causa
346 1992 514 2046 potest,
545 1990 666 2033 cuius
693 1991 817 2047 origo
843 1994 945 2034 ante
970 1992 1299 2036 damnationem
1324 1994 1403 2034 est.

201 2060 223 2094 8
250 2056 315 2106 [si]
341 2058 413 2104 Ro,
435 2056 506 2107 (et
557 2059 590 2095 si
617 2059 698 2105 Pin
719 2060 764 2095 12
789 2060 916 2096 arator
940 2063 970 2095 A
989 2062 1001 2107 Η
1023 2065 1162 2097 12--13
1183 2061 1277 2097 haec
1302 2061 1403 2098 enim

103 2106 147 2141 tn
171 2105 298 2142 fecisti
310 2108 360 2152 -A,
385 2117 478 2143 corr.
532 2117 553 2143 ο
570 2109 586 2154 ῃ
605 2110 648 2142 13
667 2108 731 2144 fel.
747 2107 906 2144 actionis
925 2112 967 2156 Δ,
993 2119 1086 2146 corr.
1104 2108 1172 2154 Gr,
1198 2110 1245 2154 cf.
1264 2109 1399 2156 indJu

105 2155 152 2206 ‚²⁸4
180 2153 454 2203 [estpectavit
481 2153 533 2190 Pi
569 2155 583 2200 H
622 2158 665 2190 19
690 2156 847 2200 fortasse
871 2156 977 2202 *ign
1006 2167 1165 2202 quarum
1191 2167 1266 2193 non
1292 2157 1342 2192 sit
1365 2167 1398 2193 a.

102 2198 193 2238 mi?
218 2202 232 2247 Ι]
254 2200 361 2249 (an)
384 2197 444 2238 Ro
470 2204 484 2249 u
508 2205 554 2238 23
580 2203 716 2249 es[se]t
739 2202 799 2239 Ro
823 2203 836 2249 11
862 2206 908 2240 26
932 2203 1066 2253 (non)
1089 2204 1149 2241 Ro
1172 2206 1186 2251 n
1209 2207 1256 2241 2⁷
1281 2203 1400 2252 <lex)

105 2244 164 2284 R'o
193 2249 208 2294 ΙΙ
243 2252 386 2302 27-28
412 2248 569 2294 fortasse
592 2251 694 2286 *tam
719 2250 797 2297 ign.
822 2263 859 2287 11.
886 2252 911 2288 1.
938 2263 970 2288 e.
997 2253 1083 2298 act,
1108 2254 1152 2288 ut
1177 2252 1254 2297 ign.
1278 2252 1395 2287 vind:

109 2305 222 2339 quam
247 2307 279 2331 si
305 2296 363 2332 ius
390 2301 452 2333 etc.
474 2298 485 2342 ΙΙ
505 2300 550 2332 28
578 2296 766 2334 auferetur
787 2301 840 2334 Aa
858 2299 871 2344 Η
890 2303 934 2335 31
961 2299 998 2335 01
1022 2302 1064 2345 Δ,
1092 2310 1183 2336 corr.
1214 2299 1266 2335 Pi
