1604 2488
419 102 840 149 DECLAMATIONES.
867 111 1090 148 cccxxm.
1308 109 1399 152 269

109 222 239 266 nibus
270 222 488 265 flammas:
519 235 625 265 num
656 221 793 278 igitur
823 221 963 263 facere
995 220 1271 263 securitatem
1298 220 1399 262 civi·

110 282 193 324 tati
224 283 383 338 potest,
414 282 452 324 si
483 282 579 337 quis
606 280 722 324 faces
750 281 840 323 eius
867 280 1128 323 extinxerit?
1159 294 1250 323 non
1266 279 1400 322 habet

109 355 222 384 nunc
261 356 399 397 arma,
436 355 525 384 non
555 341 688 384 habet
721 342 994 396 apparatum:
1039 339 1114 382 sed
1145 338 1280 381 habet
1312 339 1401 381 ani-

109 415 241 444 mum.

197 458 289 503 Nec
314 460 422 503 mihi
447 460 529 503 hoc
554 460 660 503 satis
687 462 754 502 est
774 459 1026 515 adprobare,
1045 458 1218 511 iudices,
1248 461 1399 514 tyran·
1427 469 1446 500 5

109 534 216 562 num
247 519 452 574 futurum,
484 519 568 562 nisi
599 519 706 562 illud
731 534 901 575 quoque
929 521 1028 561 ante
1054 518 1203 561 oculos
1230 520 1399 560 vestros

111 593 315 635 posuero,
364 579 504 635 qualis
556 579 613 622 sit
664 579 834 621 futurus
874 582 1095 634 tyrannus.
1158 577 1288 619 ullius
1330 577 1400 619 hic

110 641 259 693 parcet
296 639 484 694 corpori,
529 639 602 694 qui
640 641 810 695 patrem
846 637 1110 680 trucidavit?
1160 637 1290 679 ullius
1329 635 1399 678 hic

111 698 304 740 criminis
337 701 438 753 aget
470 698 787 753 verecundiam,
821 697 895 753 qui
925 696 1204 753 parricidium
1236 695 1400 752 profes-

112 772 184 799 sus
223 759 290 799 est
326 758 369 799 in
410 757 639 800 contione?
691 758 762 813 qui
794 756 988 812 gladium
1020 756 1144 798 illum
1176 758 1397 798 cruentum
1429 767 1472 798 10

114 816 439 872 stillantemque
472 818 683 873 sanguine
716 816 941 860 ostendere
973 815 1134 871 populo
1167 829 1256 857 non
1281 829 1400 857 recu-

111 875 252 918 savit?
291 876 395 931 quid
426 876 501 918 ille
533 877 733 919 manibus
765 875 999 931 imperabit
1031 875 1197 928 alienis,
1229 877 1400 917 tantum

112 934 202 977 suis
235 935 395 978 ausus?

596 1064 900 1109 CCCXXIII.

345 1145 618 1191 Alexander
649 1148 884 1204 templum
917 1147 1153 1192 dedicans.
1429 1159 1471 1191 15

112 1229 199 1280 Qm
229 1241 372 1274 nos‘m
405 1243 533 1274 OPEM
560 1243 772 1287 TULERIT,
805 1243 976 1275 οΑΡῙΤΕ
1003 1243 1252 1275 PUNIATUR.
1299 1231 1400 1274 Ale-

231 1290 394 1333 xander
424 1291 542 1334 bello
573 1291 771 1334 Athenas
804 1306 902 1334 cum
927 1295 1157 1347 premeret,
1188 1291 1400 1347 templum

232 1351 355 1392 extra
392 1365 539 1393 muros
571 1351 765 1406 positum
797 1351 1000 1393 incendit.
1062 1350 1311 1406 pestilentia
1342 1351 1401 1393 la-

230 1409 385 1451 borare
412 1409 565 1464 coepit.
613 1424 869 1464 responsum
895 1413 971 1466 est,
1004 1425 1092 1452 non
1118 1424 1246 1465 posse
1272 1410 1400 1464 finiri,

230 1468 315 1510 nisi
363 1469 577 1524 templum
626 1469 900 1512 restituisset.
981 1469 1186 1512 restituto
1236 1469 1401 1524 templo
1428 1480 1472 1512 20

234 1527 514 1571 Atheniensis
549 1528 749 1571 sacerdos
772 1527 1019 1572 Alexandro
1051 1528 1286 1585 pollicente
1319 1529 1400 1571 dis-

231 1601 453 1630 cessurum
485 1603 530 1630 se
563 1587 617 1630 ab
650 1588 799 1644 armis,
839 1588 875 1630 si
911 1588 1140 1644 dedicaret,
1173 1588 1401 1631 dedicavit.

230 1645 430 1689 discessit
473 1647 527 1689 ab
566 1647 790 1690 obsidione
828 1648 1100 1691 Athenarum
1139 1646 1400 1691 Alexander.

229 1704 389 1749 dicitur
419 1706 618 1749 sacerdos
649 1699 797 1749 hosti⁴
800 1722 925 1763 opem
956 1707 1120 1750 tulisse.

639 1837 869 1882 SERMO.
1426 1850 1471 1881 π

203 1919 344 1970 Quam
373 1923 521 1975 potest
551 1921 743 1963 maxima
768 1921 978 1976 religione
1004 1923 1194 1965 iudicum
1220 1922 1400 1978 implen-

112 1979 191 2022 dus
229 1979 398 2021 animus
438 1981 514 2022 est.
575 1995 678 2022 nam
716 1983 759 2022 et
792 1981 990 2023 sacerdos
1023 1997 1121 2024 reus
1155 1984 1223 2024 est
1254 1984 1298 2024 et
1330 1981 1400 2024 da-

109 2041 181 2081 tur
213 2038 252 2081 ei
284 2038 470 2094 crimini,
516 2038 630 2094 quod
663 2038 923 2082 dedicaverit
954 2041 1164 2095 templum
1197 2043 1253 2095 et,
1287 2042 1400 2096 quod

110 2098 394 2140 utilissimum
433 2100 475 2139 et
514 2112 668 2140 causae
708 2098 840 2140 etiam
877 2099 1003 2142 facile
1042 2104 1126 2155 est,
1169 2100 1251 2142 hoc
1291 2105 1399 2143 tem-

207 2217 229 2249 5
254 2213 395 2250 iudicifi
421 2218 451 2249 Δ
476 2216 487 2262 [Ι
514 2218 534 2250 8
562 2215 726 2250 trucidat
751 2218 777 2249 B
803 2217 814 2262 Η
842 2220 885 2252 10
917 2218 974 2252 est
999 2217 1090 2261 quin
1116 2218 1212 2253 cont.
1239 2220 1293 2251 Aa
1317 2219 1329 2262 ss
1357 2222 1398 2252 11

113 2262 335 2308 sanguinem
359 2265 386 2296 B
406 2264 418 2307 ΙΙ
439 2267 482 2297 12
508 2263 709 2308 imperavit
733 2265 799 2297 AB
818 2264 831 2308 ΙΙ
851 2268 895 2299 27
921 2277 956 2299 n.
978 2265 1049 2300 etsi
1068 2276 1140 2301 sac.
1155 2268 1208 2300 Ab
1227 2266 1239 2310 ΙΙ
1259 2268 1399 2300 27—28

113 2308 224 2344 datur
255 2310 294 2344 et
319 2321 368 2346 cr.
395 2311 517 2356 131128
544 2310 727 2355 templum
755 2322 820 2346 om.
846 2313 873 2344 B
