1560 2462
633 115 919 154 PRAEFATIO.
1338 114 1423 150 XIX

134 218 301 268 mensis;
327 248 337 259 .
357 250 367 260 .
390 219 552 262 Tertius
573 249 582 259 .
603 250 611 257 .
630 218 750 257 litera
769 219 857 256 erat
876 217 1017 256 eadem
1037 229 1116 267 qua
1134 229 1261 256 meus.
1287 216 1289 221 '
1305 216 1425 254 Prae-

134 288 248 325 terea
266 298 361 325 vero
386 297 517 335 neque
542 284 800 324 librariorum
823 295 954 333 neque
980 283 1189 322 doctorum
1208 282 1425 330 hominum,

133 352 205 402 qui
234 363 339 390 nunc
375 351 525 390 Romae
563 351 675 400 sunt,
710 349 922 399 respondit
958 348 1171 398 quisquam
1210 347 1286 386 sibi
1322 347 1427 385 hunc

136 417 285 457 librum
304 419 398 455 ante
417 417 544 455 fuisse
564 417 769 467 cognitum
790 445 798 453 .
819 444 828 453 .
855 446 863 454 .
905 414 997 452 Non
1016 426 1111 464 ergo
1137 425 1200 451 me
1219 412 1425 451 retardare

134 483 294 521 tantum
337 482 487 532 potuit,
538 482 723 531 antiquos
772 480 896 520 libros
948 479 1054 530 quod
1100 491 1181 517 non
1224 478 1426 527 haberem,

134 549 331 598 quantum
361 547 546 595 incitare,
582 560 634 586 ne
665 546 878 597 aliquando
911 544 1161 595 paucissimi,
1200 544 1270 594 qui
1295 545 1425 582 exsta-

134 616 243 664 rent,
287 611 592 652 amitterentur“
630 614 703 651 etc.
712 607 754 664 ²⁸)
827 611 1024 662 Equidem
1062 610 1160 648 mihi
1190 621 1428 659 persuasum

136 681 216 730 est,
254 678 474 718 Corradum
511 678 633 716 nullis
671 690 790 716 usum
822 689 908 716 esse
946 676 1060 715 libris
1099 687 1198 725 mss,
1239 687 1337 724 quos
1370 674 1427 713 vi·

135 745 254 784 detur
295 743 530 794 intellegere
577 743 626 782 de
662 743 838 792 antiquis
881 743 1058 792 loquens.
1121 741 1227 780 Novi
1269 741 1429 779 tantum

135 812 297 860 praesto
330 810 367 848 ei
404 811 498 847 sunt
535 811 636 859 tres,
676 821 847 858 quorum
885 808 981 858 duo,
1019 820 1108 845 cum
1140 806 1280 845 eadem
1310 805 1430 844 litera

136 875 261 914 fuisse
291 875 498 922 dicantur,
533 873 712 913 eiusdem
744 873 930 912 editionis
959 872 1149 912 videntur
1175 870 1428 920 exemplaria,

136 940 445 981 Mediolanensis
477 937 634 989 opinor,
674 951 775 988 quae
813 935 903 988 ipsa
932 938 1046 977 nulla
1077 938 1158 975 alia
1190 939 1267 987 est,
1307 948 1427 985 quam

136 1005 312 1056 repetita
343 1005 587 1044 Parmensis.

225 1071 340 1110 Licet
360 1083 455 1111 vero
475 1070 627 1108 fuerint
644 1070 726 1120 ille,
747 1082 865 1120 quem
885 1082 1002 1108 suum
1022 1068 1118 1107 dicit
1138 1066 1301 1117 (missus
1321 1067 1425 1105 Nea.-

136 1131 238 1188 poli)
265 1138 306 1174 et
329 1136 434 1174 alter
459 1135 686 1174 simillimus
712 1135 749 1173 ei
773 1135 877 1174 liber
900 1147 980 1174 non
1006 1135 1116 1184 typis
1144 1132 1332 1183 impressi
1359 1133 1429 1171 sed

137 1213 258 1240 manu
278 1201 429 1252 scripti,
447 1202 639 1240 momenti
657 1203 794 1240 tamen
813 1200 1243 1249 „contaminatissimae
1262 1198 1430 1248 scriptu-

138 1265 231 1306 rae“
246 1279 384 1306 eorum
403 1279 482 1306 non
501 1267 675 1305 multum
688 1267 900 1306 tribuerim
913 1268 954 1304 et
967 1265 1084 1304 facile
1105 1263 1428 1314 existimaverim,

137 1332 262 1372 fuisse
292 1344 372 1371 non
403 1332 503 1370 alios
536 1344 656 1382 quam
687 1331 720 1369 B
748 1333 788 1369 et
819 1332 844 1369 b
876 1332 1019 1379 libros,
1053 1342 1223 1380 quorum
1256 1329 1428 1367 alterum

139 1398 355 1446 habemus,
386 1397 558 1436 alterum
590 1409 670 1436 non
701 1396 986 1435 desideramus.

229 1462 458 1501 Editionem
483 1462 817 1500 declamationum
841 1473 970 1511 neque
997 1460 1224 1499 Sebastiani
1249 1458 1431 1510 Gryphii,

141 1528 205 1567 cui
248 1527 521 1566 destinaverat
564 1525 764 1565 Corradus
808 1526 1082 1565 recensionem
1126 1538 1256 1575 suam,
1306 1524 1431 1562 trium

141 1593 304 1633 illorum
334 1592 530 1631 librorum
561 1604 635 1641 ope
674 1592 951 1643 constitutam,
989 1591 1148 1630 invenio
1181 1603 1288 1638 eam,
1326 1601 1430 1640 quae

141 1659 239 1697 haec
269 1659 408 1698 nostra
445 1652 661 1710 („minores
694 1651 828 1709 decll.)
862 1651 1155 1709 contineat‚**)
1185 1668 1314 1705 neque
1346 1655 1430 1693 Hu-

237 1746 272 1791 *)
297 1745 473 1782 Proxima.
498 1757 648 1791 quoqne
673 1746 789 1782 verba
814 1745 931 1792 digna
955 1757 1053 1791 quae
1071 1746 1133 1780 hic
1154 1745 1429 1781 exscribantur:

142 1793 264 1840 „Mira
290 1794 391 1830 enim
407 1794 610 1840 paucitas
599 1806 638 1829 m
657 1793 779 1837 Italia,
805 1795 845 1829 et
863 1793 1055 1830 silentium
1075 1793 1121 1828 de
1140 1793 1230 1828 his
1220 1805 1258 1828 m
1279 1792 1376 1837 scrip
1382 1792 1430 1827 is

142 1823 337 1880 doctorum
363 1841 568 1878 hominum.
615 1840 738 1877 Semel
762 1838 952 1877 ὑπόθεσιν
972 1841 1221 1886 Hieronymus
1246 1838 1430 1886 protulit“

142 1890 202 1933 (cf.
235 1888 383 1934 quintil.
416 1888 534 1925 Decll.
562 1901 597 1935 p.
618 1892 688 1924 209
708 1891 817 1934 sq..)
823 1889 960 1933 ‚nescio
993 1900 1042 1924 an
1079 1899 1123 1923 ex
1154 1888 1218 1931 iis,
1257 1898 1350 1933 quas
1383 1887 1432 1923 ad

143 1936 270 1974 CCLII
298 1935 486 1973 interiisse
511 1937 765 1982 cognovimus.
811 1918 972 1971 Patr-um
1001 1937 1216 1971 nostrorum
1247 1935 1430 1971 memoria

141 1985 300 2021 Iacobus
339 1984 537 2020 Sadoletus
571 1985 660 2030 (nat.
696 1988 804 2027 1477,
837 1987 861 2027 †
896 1985 1001 2027 1547)
1033 1995 1078 2019 ac
1110 1983 1156 2018 de
1188 1982 1429 2028 transalpinis

142 2031 357 2069 hominibus
388 2031 482 2068 Rud.
509 2031 701 2086 Agricola
718 2034 757 2067 et
787 2031 981 2068 Cornelius
1014 2031 1184 2077 Agrippa
1217 2032 1308 2076 (nat.
1337 2033 1428 2065 1486

142 2083 168 2126 †
186 2080 286 2116 eirea
310 2089 394 2114 ann.
421 2081 530 2124 1535)
556 2078 762 2124 respexisse
789 2079 837 2114 ad
861 2082 1084 2124 argumenta
1103 2089 1148 2114 ex
1166 2078 1225 2114 his
1245 2076 1431 2114 CXXXVI

145 2126 239 2163 mihi
258 2126 469 2162 videntur-:⁴
490 2147 536 2153 —-
562 2126 730 2162 Sadoleti
750 2128 788 2162 et
806 2125 997 2172 Agrippae
1022 2126 1125 2162 locos
1151 2126 1198 2161 ad
1224 2136 1317 2170 quos
1338 2125 1430 2161 haec

145 2173 1010 2276 Βρεξξῃὲἐᾶζῖῗῑίιῐεξῖἓίἒὶὶιίἓὲἓεοῖῗέἕέἓίοτεε,
1042 2221 1130 2256 inde
1163 2232 1186 2256 a
1217 2231 1318 2256 nona
1343 2219 1429 2254 anni

144 2273 238 2306 1555
268 2269 363 2305 mihi
393 2280 468 2305 non
500 2269 597 2305 inter
622 2280 754 2305 manus
779 2268 947 2314 fuerunt,
979 2269 1043 2305 sed
1069 2280 1114 2304 ex
1140 2266 1322 2313 catalogis
1348 2269 1425 2302 tan-

145 2319 227 2352 tum
251 2318 362 2353 notae
387 2318 483 2354 sunt

1164 2375 1216 2409 b*
