1604 2488
204 463 224 494 5

185 754 226 785 10

183 1045 225 1076 15

182 1335 225 1367 20

182 1625 225 1656 25

253 115 338 156 212
732 113 1034 156 QUINTILIANI

257 220 475 276 scripserit
504 219 840 261 testamentum?
871 221 1015 273 potest
1041 219 1174 262 videri
1196 233 1284 262 non
1307 221 1511 275 ultimum,

249 279 360 332 quod
399 278 538 333 magis
569 277 660 319 iure
690 277 880 331 primum
911 276 1150 320 dixerimus.
1203 277 1275 320 sed
1312 279 1510 334 quemad-

247 336 420 378 modum
455 336 569 378 inter
598 335 820 390 plur[im]a
850 337 1105 378 testamenta
1135 335 1338 383 ultimum
1369 337 1508 379 valere

249 396 433 448 oportet:
475 395 537 436 ita
571 393 678 434 haec
717 393 944 435 manifesta
972 393 1081 447 legis
1112 394 1310 436 voluntas
1343 396 1424 449 est,
1462 396 1511 435 ut

249 452 292 494 id
316 454 622 494 testamentum
647 452 800 505 valeat,
830 453 929 505 post
955 451 1067 505 quod
1091 451 1255 494 nullum
1280 453 1509 495 testamen-

248 513 342 552 tum'
377 514 455 553 est.
502 524 639 564 neque
677 511 743 550 est
779 508 1028 551 incredibile
1069 509 1160 551 sine
1189 509 1336 565 dubio,
1379 510 1509 552 etiam

251 571 351 611 ante
379 568 461 611 hoc
491 569 817 621 testamentum,
855 581 937 622 quo
971 580 1049 622 ego
1081 567 1204 609 heres
1235 567 1373 610 factus
1406 582 1511 623 sum,

251 627 473 682 scripsisse
502 627 623 668 illum
655 625 741 666 alia
770 627 1040 679 testamenta,
1069 625 1286 668 hominem
1316 625 1509 680 frequen-

249 687 315 726 ter
344 686 426 727 hoc
456 685 692 727 facientem.
731 683 792 724 ita
823 685 866 725 et
895 683 1094 725 ultimum
1123 683 1256 726 videri
1285 686 1442 739 petest,
1473 685 1510 726 si

251 746 352 798 post
383 744 470 786 alia
501 742 705 796 scriptum
737 744 818 783 est:
851 743 893 782 et
925 741 958 783 si
991 741 1181 795 primuml
1208 741 1411 796 scriptum
1436 745 1511 796 est,

250 802 353 856 quia
394 802 562 843 nullum
599 804 746 842 tamen
783 802 848 841 est
887 799 999 854 quod
1036 800 1178 841 vincat
1215 802 1258 841 et
1293 800 1510 854 potentius

255 859 311 901 sit
340 861 569 914 posterius,
601 872 678 913 pro
708 857 860 899 ultimo
892 857 1134 899 habendum
1164 860 1240 900 est.

340 917 567 960 Sublatum
606 916 753 958 dicunt
790 916 907 969 prius
944 918 1247 957 testamentum
1276 915 1512 969 posteriore

249 977 528 1029 testament03
575 987 715 1028 neque
747 986 827 1028 ego
858 973 1035 1027 infitior,
1077 973 1113 1014 si
1143 973 1232 1014 iure
1263 973 1422 1015 factum
1451 975 1512 1015 est

250 1035 571 1087 testamentum,
600 1033 682 1074 hoc
709 1036 783 1085 est,
810 1031 846 1072 si
871 1033 1171 1072 testamentum
1198 1033 1274 1085 est,
1306 1031 1511 1085 potentis-

252 1091 403 1133 simam
443 1106 533 1134 esse
570 1089 759 1132 defuncti
794 1089 1033 1143 proximam
1071 1103 1280 1143 quamque
1316 1089 1511 1130 volunta-

250 1153 349 1191 tem.
400 1149 483 1191 Sed
513 1161 624 1202 nego
655 1147 792 1189 ullum
823 1150 974 1200 postea
1006 1147 1168 1188 factum
1198 1148 1512 1188 testamentum.

253 1207 351 1261 quid
391 1211 456 1249 est
488 1207 599 1248 enim
630 1207 966 1246 testamentum?
1016 1207 1064 1244 ut
1107 1204 1282 1258 opinor,
1313 1204 1511 1245 voluntas

251 1266 440 1308 defuncti
476 1263 728 1319 consignata
765 1263 855 1304 iure
885 1262 1135 1317 legibusque
1167 1261 1365 1303 civitatis.
1425 1275 1511 1316 11011

252 1323 431 1366 dixerim
462 1338 542 1379 ego
573 1323 892 1373 testamentum,
923 1320 990 1362 cui
1020 1334 1221 1361 numerus
1247 1319 1512 1374 signatorum

252 1382 387 1437 deest3
436 1397 523 1424 non
562 1380 740 1423 dixerim
770 1380 1092 1431 testamentum,
1136 1378 1203 1419 cui
1233 1377 1438 1431 libripens
1471 1379 1513 1418 et

251 1443 417 1495 emptor
452 1439 643 1481 familiae
681 1440 723 1478 et
755 1439 896 1478 cetera
927 1436 1010 1477 iuri
1039 1435 1298 1478 necessaria:
1341 1435 1511 1477 tabulae

251 1502 376 1540 erunt
410 1499 594 1540 fortasse
637 1498 679 1537 et
716 1495 921 1549 scriptum
953 1495 1045 1536 erit.
1107 1495 1148 1535 et
1177 1493 1256 1536 1100
1288 1491 1356 1549 (ut
1383 1493 1511 1547 paulo

252 1558 348 1598 ante
370 1556 580 1610 dicebam)
602 1556 746 1596 vestra
767 1567 932 1607 quoque
952 1551 1226 1594 manifestum
1246 1551 1512 1593 confessione

253 1616 335 1668 est,
377 1629 464 1656 non
502 1627 593 1655 esse
631 1612 736 1654 illud
770 1613 1086 1652 testamentum.
1141 1609 1253 1651 facto
1290 1609 1402 1650 enim
1437 1608 1512 1650 illo

251 1672 390 1714 dicitis
426 1671 711 1726 propinquum
745 1670 931 1710 vestrum
964 1667 1215 1709 intestatum
1245 1666 1386 1709 fuisse.
1431 1665 1513 1707 1100

250 1731 424 1785 propius
445 1729 713 1783 colligamus.
739 1729 938 1782 putemus
959 1725 1072 1767 enim
1091 1724 1252 1767 factum
1272 1738 1363 1766 esse
1382 1737 1512 1765 unum

249 1789 331 1831 hoc
370 1789 693 1839 testamentum,
743 1784 855 1839 quod
896 1783 1149 1825 damnastis:
1198 1797 1301 1824 num
1337 1781 1513 1823 dubium

249 1846 412 1901 testati,
441 1846 483 1887 id
517 1847 591 1897 est,
627 1844 727 1898 quin
753 1844 816 1884 ita
840 1842 1014 1883 heredes
1039 1841 1171 1883 futuri
1194 1839 1373 1893 fueritis,
1402 1841 1511 1881 tam-

345 1989 365 2019 2
391 1983 588 2029 plur[im]a
615 1981 673 2017 Ro
698 1983 709 2027 Η
735 1986 755 2016 6
781 1980 848 2015 sim
874 1982 900 2013 B
931 1980 942 2023 ΙΙ
975 1983 1015 2013 11
1042 1979 1171 2023 postea
1194 1980 1276 2022 AB,
1308 1987 1397 2013 corr.
1424 1976 1480 2011 Ro
1498 1977 1510 2019 ΙΙ

253 2035 296 2066 12
320 2030 442 2075 priore
467 2033 505 2074 B,
531 2028 652 2074 primo
677 2032 703 2061 P
722 2029 733 2073 ΙΙ
754 2031 796 2062 13
822 2026 969 2061 infiteor
988 2027 1051 2070 Aa,
1076 2035 1151 2059 non
1176 2024 1351 2059 confiteor
1370 2025 1397 2056 Β
1416 2023 1428 2067 ΙΙ
1445 2021 1514 2056 *sit

251 2081 313 2111 AB
344 2079 356 2122 ΙΙ
388 2081 524 2112 19—20
559 2076 618 2110 cui
642 2086 676 2110 n.
704 2086 730 2110 s.
757 2074 789 2108 d.
815 2086 849 2108 n.
876 2073 910 2108 d.
935 2073 1198 2107 testamentum
1221 2080 1286 2105 om.
1311 2072 1398 2103 ΔαΒ
1425 2068 1438 2112 Ι]
1468 2071 1512 2102 20

250 2124 475 2168 libripens
501 2126 531 2157 A
556 2124 568 2167 ΙΙ
600 2125 643 2156 22
669 2121 746 2156 iure
774 2119 828 2156 Gr
857 2121 870 2164 ΙΙ
900 2123 944 2154 25
970 2118 1071 2154 velut
1096 2120 1178 2162 AB,
1210 2127 1300 2152 corr.
1325 2115 1398 2158 Ro;
1429 2118 1513 2150 cete-

250 2182 334 2205 rum
358 2171 403 2214 ef.
429 2174 472 2205 29
499 2173 531 2205 et
558 2173 639 2212 213,
660 2173 677 2202 1
704 2169 895 2211 tamquam
919 2169 951 2200 et
975 2168 1059 2207 213,
1080 2168 1099 2198 3
1125 2174 1192 2209 pro
1215 2173 1289 2198 non
1312 2162 1408 2197 facto
1432 2162 1444 2206 Ι]
1468 2164 1512 2195 26

252 2216 387 2252 dicitur
411 2220 489 2261 AB,
522 2227 614 2252 corr.
642 2215 698 2250 Ro
734 2215 746 2259 ΙΙ
781 2214 946 2248 nostrum
974 2215 1001 2245 B
1037 2212 1049 2255 11
1085 2214 1128 2245 29
1154 2209 1217 2254 qui
1249 2208 1288 2243 in
1318 2207 1396 2244 vita
1426 2207 1461 2243 11.
1487 2207 1512 2241 f.

251 2264 338 2299 estis
363 2266 389 2296 B
