1604 2488
156 848 198 879 10

154 1137 196 1168 15

151 1427 195 1458 20

149 1716 193 1748 25

147 2007 190 2039 30

232 117 252 158 7
261 117 284 158 8
706 119 1006 162 QUINTILIANI

228 224 360 266 iorem
386 229 551 278 partem
577 226 835 280 ignominiae
855 227 1092 284 conficiunt,
1115 228 1158 270 id
1183 230 1294 285 quod
1313 230 1399 272 iam
1418 245 1486 273 me

229 283 464 337 premebat,
493 283 756 325 remiserant.

735 398 974 443 GGLXIV.

571 467 720 511 Fraus
754 469 871 521 legis
903 469 1145 513 Voconiae.

226 535 296 577 NE
334 547 499 578 LICEAT
530 550 721 579 MULIERI
751 550 842 581 NISI
874 551 1095 582 D1M1D1AM
1125 552 1311 583 PARTEM
1341 553 1485 585 BONO-

342 607 436 636 RUM
482 608 617 638 DARE.
685 596 864 645 Quidam
908 597 1012 639 duas
1055 598 1251 641 mulieres
1294 599 1483 642 dimidiis

342 653 535 706 partibus
560 654 745 696 instituit
768 654 954 697 heredes.
988 658 1289 698 testamentum
1308 658 1483 713 cognati

344 714 540 766 arguunt.

638 768 1076 814 DECLAMATIO.

313 837 555 893 Antequam
586 839 652 880 ius
684 841 850 882 excutio
876 844 919 882 et
942 842 1029 882 vim
1054 841 1172 896 legis,
1204 856 1311 896 quae
1334 856 1413 896 per
1436 857 1480 885 se

225 896 329 937 satis
355 897 582 938 manifesta
608 899 684 951 est,
715 898 893 952 intueor,
922 899 1108 953 primum
1137 899 1242 941 illud
1268 899 1379 954 apud
1404 915 1480 943 vos

223 953 378 995 dixisse
404 957 628 996 contentus
655 970 764 997 sum:
797 956 946 998 adsum
970 959 1239 999 testamento.
1286 961 1481 1000 eventum

222 1011 321 1053 huie
362 1012 448 1066 legi
491 1012 610 1054 dabit
651 1013 803 1067 religio
846 1018 1004 1068 vestra,
1057 1017 1099 1056 et
1141 1029 1318 1057 excussa
1359 1018 1482 1070 parte

222 1072 402 1124 utraque
445 1071 702 1112 sententiam
740 1071 1053 1126 formabit<is>.
1114 1072 1299 1115 Interest
1337 1076 1481 1115 tamen

223 1141 443 1182 supremae
473 1128 657 1170 hominis
689 1129 898 1171 voluntati
930 1131 1066 1185 legem
1098 1130 1262 1185 favere,
1292 1133 1340 1173 ut
1368 1132 1481 1186 quod

223 1185 274 1226 de
305 1186 427 1227 bonis
460 1187 546 1228 suis
578 1188 802 1229 constituit
830 1188 874 1229 in
901 1188 1108 1242 supremis
1135 1188 1343 1243 dominus,
1373 1189 1480 1231 fece·

221 1243 279 1284 rit
308 1244 409 1285 iure.
470 1243 558 1285 Nec
590 1259 658 1286 me
689 1245 929 1300 confundit,
961 1246 1071 1300 quod
1105 1260 1154 1287 ex
1186 1246 1351 1288 diverso
1382 1250 1480 1289 sunt

220 1302 461 1356 propinqui.
521 1303 697 1357 iactent,
734 1306 782 1344 ut
817 1303 982 1358 volent,
1019 1304 1237 1359 sanguinis
1281 1305 1477 1347 coniunc-

219 1359 399 1401 tionem:
425 1373 504 1414 ego
524 1361 727 1416 intellego
754 1362 958 1415 quasdam
977 1362 1108 1404 fuisse
1127 1376 1288 1417 causam,
1306 1366 1480 1417 propter

222 1432 325 1472 quas
358 1419 408 1472 is,
439 1419 510 1472 qui
540 1418 619 1460 hos
651 1422 857 1473 cognatos
888 1419 1085 1470 habebat,
1117 1420 1214 1462 aliis
1242 1423 1478 1462 moreretur

220 1475 457 1518 heredibus.
518 1491 566 1518 ac
603 1477 638 1518 si
675 1477 719 1518 in
755 1477 834 1519 hac
870 1481 992 1532 parte
1030 1478 1238 1520 haberent
1267 1478 1476 1533 fiduciam,

221 1536 444 1588 arguerent
492 1537 798 1576 testamentum
846 1538 1064 1590 tamquam
1116 1537 1320 1591 impium,
1370 1539 1476 1578 tam-

221 1605 348 1645 quam
386 1592 685 1634 inofficiosum.
745 1607 858 1635 nunc
895 1597 1090 1648 apparet,
1132 1608 1266 1648 neque
1304 1594 1354 1635 de
1384 1608 1476 1648 per-

220 1649 334 1690 sonis
378 1663 539 1704 earum,
588 1664 694 1704 quae
738 1650 912 1692 heredes
956 1654 1054 1693 sunt
1098 1652 1340 1705 institutae,
1393 1651 1476 1693 dici

219 1707 331 1760 apud
355 1721 430 1748 vos
455 1722 593 1762 posse,
622 1722 758 1762 neque
784 1722 941 1763 eorum,
972 1709 1043 1764 qui
1075 1709 1156 1750 sibi
1179 1711 1327 1751 contra
1345 1712 1475 1751 testa-

218 1767 407 1806 mentum
439 1765 666 1820 vindicant,
697 1767 848 1807 merita
871 1767 1063 1820 proferri.
1096 1766 1243 1808 Solum
1268 1767 1381 1808 enim
1408 1767 1474 1809 ius

218 1823 434 1878 excipiunt
478 1827 520 1865 et
557 1825 669 1866 circa
705 1824 843 1879 legem
879 1825 1201 1866 calumniantur.
1267 1839 1373 1879 quae
1408 1825 1475 1866 lex

216 1885 360 1923 tamen
386 1882 522 1935 qualis
554 1882 650 1924 est?
685 1897 744 1923 ne
775 1882 933 1924 liceat
962 1883 1163 1924 mulieri
1189 1883 1302 1937 plus
1329 1897 1474 1937 quam

216 1939 476 1981 dimidiam
525 1943 720 1994 partem
771 1940 1015 1983 bonorum
1066 1955 1269 1983 suorum
1317 1941 1473 1982 relin-

217 2011 377 2051 quere.
439 1998 609 2039 etiamsi
645 1998 783 2040 forma
822 1999 965 2040 iudicii
1003 1999 1126 2040 unius
1171 2001 1253 2052 est,
1296 2001 1473 2053 apparet

311 2081 354 2111 14
385 2077 604 2112 sententiam
638 2077 814 2112 formavit
844 2081 889 2122 A,
934 2078 1116 2113 sententia
1145 2077 1405 2112 formidabitur
1433 2080 1471 2122 B,

218 2133 306 2158 corr.
333 2123 410 2167 Ro,
437 2124 620 2159 sententia
643 2123 863 2159 formabitur
887 2124 973 2159 Rau
1003 2126 1015 2169 ΙΙ
1047 2127 1088 2158 15
1114 2123 1196 2168 lege
1221 2126 1250 2157 A
1292 2124 1304 2167 ΙΙ
1347 2123 1471 2158 fovere

214 2172 296 2204 Bb?
315 2170 326 2213 ΙΙ
347 2174 388 2203 17
414 2170 492 2205 iure
517 2181 582 2205 om.
607 2171 729 2214 31120
754 2171 810 2205 his
835 2173 865 2204 A
883 2173 894 2216 ΙΙ
913 2171 974 2215 qui
1002 2171 1068 2205 hos
1092 2180 1157 2205 om.
1182 2172 1208 2203 B
1239 2171 1251 2214 ΙΙ
1268 2170 1470 2205 mereretur

213 2218 239 2249 B
260 2218 334 2260 1122
360 2219 569 2261 arguerunt,
595 2227 684 2252 corr.
714 2217 764 2252 Pi
782 2219 793 2262 ΙΙ
812 2221 857 2252 24
882 2217 943 2252 diu
969 2220 1020 2250 Aa
1050 2218 1062 2260 ss
1098 2217 1169 2252 dici
1194 2218 1349 2261 possunt
1373 2216 1471 2261 apud

214 2273 279 2297 vos
299 2263 376 2307 ipse
395 2274 512 2307 neque
531 2266 556 2296 Β
577 2265 588 2308 ΙΙ
607 2267 650 2298 28
670 2274 736 2299 nec
757 2264 779 2298 1.
805 2266 831 2296 B
