1604 2488
169 745 210 775 10

169 1035 210 1066 15

168 1325 211 1356 20

171 1614 215 1646 25

239 106 322 148 100
717 105 1014 149 QUINTILIANI

320 213 560 254 Indebitam
590 214 811 266 pecuniam
844 214 896 255 ab
928 214 1062 255 amico
1090 216 1188 268 peto
1215 217 1257 256 et
1280 214 1391 256 hunc
1415 229 1488 269 po-

234 271 460 325 tissimum,
498 285 622 325 quem
653 272 948 324 calumniarer,
980 271 1118 325 elegi?
1150 287 1245 314 cum
1276 273 1312 314 si
1341 272 1489 325 defodi,

235 329 271 370 si
303 329 524 382 abscondi,
561 343 673 383 cum,
704 330 741 371 si
771 330 841 371 hic
872 344 968 371 vere
998 344 1157 384 pauper
1189 332 1264 384 est,
1293 345 1346 372 ne
1372 330 1489 372 dam-

233 389 335 428 nato
375 387 541 441 quidem
575 387 656 428 sim
686 391 947 441 recepturus:
990 401 1078 428 rem
1109 387 1415 443 incredibilem,
1446 389 1490 430 in

235 458 319 498 qua
361 459 428 486 me
472 445 708 487 dementiae
751 445 923 487 crimine
967 445 1157 486 damnari
1195 459 1364 488 necesse
1408 447 1489 488 est!

236 505 334 544 ante
372 503 516 544 omnia
552 503 784 557 perdidisse
820 518 887 545 me
924 517 1093 546 omnem
1133 504 1354 557 pecuniam
1386 504 1491 557 dieo,

233 574 286 602 ne
311 560 428 602 dives
454 574 547 602 esse
572 561 749 615 possim3
782 561 876 603 ideo
903 561 1071 602 demum
1091 561 1284 616 mentior,
1314 564 1360 604 ut
1385 562 1490 603 mihi

235 633 329 660 cum
367 618 530 660 duobus
568 620 699 660 servis
737 620 885 670 tortis,
917 619 952 660 si
983 622 1128 660 tamen
1158 620 1394 674 quaestioni
1424 634 1490 662 su-

234 676 487 730 perfuerint,
518 677 744 718 vivendum
775 677 861 718 sit?
894 678 930 718 si
961 677 1121 731 minus,
1153 676 1247 731 soli,
1277 678 1415 732 qualis
1446 678 1492 719 in

237 734 363 776 exilio
403 734 481 788 fui,
518 735 654 789 qualis
690 749 785 777 cum
815 737 1044 790 tyrannum
1073 735 1291 790 fugerem?
1339 749 1417 791 ego
1456 736 1492 777 si

235 792 471 834 calumnior
503 793 686 835 amicum
716 807 869 848 meum,
900 793 1141 848 graviorem
1173 807 1354 848 poenam
1382 793 1491 836 ferre

234 865 322 892 non
352 865 549 905 possum:
580 851 711 906 perdo
745 851 946 906 quidquid
976 854 1087 905 peto.

316 908 374 949 Et
417 923 543 962 quam
586 923 757 951 causam
804 909 1014 951 irascendi
1055 909 1140 951 tibi
1182 909 1342 951 habui?
1392 908 1492 963 quid

234 968 401 1008 tantum
433 967 534 1007 mali
558 966 698 1008 fecisti
728 967 846 1021 mihi,
876 970 925 1009 ut
948 980 1028 1022 ego
1052 981 1139 1009 non
1158 967 1240 1008 sim
1263 967 1490 1008 tormentis

238 1024 310 1076 [is]
336 1025 421 1066 tuis
453 1025 706 1066 contentus?
749 1024 863 1078 Scio,
895 1026 977 1066 dici
1009 1025 1146 1066 simile
1179 1024 1339 1079 aliquid
1364 1024 1492 1066 etiam

237 1097 286 1124 ex
323 1084 446 1136 parte
483 1082 667 1124 diversa:
717 1097 839 1137 quem
878 1083 959 1124 sibi
1002 1097 1126 1124 usum
1157 1083 1248 1124 fore
1277 1082 1494 1137 pecuniae,

235 1140 358 1182 dicet.
413 1143 511 1182 ante
543 1141 685 1182 amnia
715 1141 796 1182 hoc
827 1141 1034 1182 dissimile
1059 1142 1142 1182 est:
1176 1140 1494 1194 quodpauperi

236 1198 395 1252 alioqui
432 1201 474 1240 et
511 1198 688 1240 duorum
726 1199 955 1240 liberorum
986 1198 1099 1253 patri
1129 1197 1254 1252 (quae
1283 1211 1352 1239 res
1383 1211 1494 1239 acer-

235 1256 398 1298 biorem
430 1258 727 1311 paupertatem
768 1254 893 1311 facit)
935 1259 1079 1298 tamen
1117 1258 1280 1298 secreta
1316 1255 1495 1310 pecunia

238 1316 280 1355 et
333 1314 480 1356 abdita
534 1314 672 1356 adfert
727 1315 1008 1356 securitatem.
1078 1329 1180 1356 nam
1233 1315 1281 1355 ut
1328 1327 1493 1367 posses-

236 1372 376 1414 siones
408 1387 497 1414 non
532 1386 675 1426 pares,
712 1375 761 1414 ut
790 1372 1001 1414 familiam
1031 1386 1118 1414 non
1149 1386 1284 1422 emaS,
1320 1385 1405 1413 non
1435 1371 1494 1412 Ia-

236 1430 353 1472 xiore
378 1430 546 1472 habites
572 1430 710 1484 domo,
741 1431 941 1472 adversus
967 1430 1184 1472 fortunam
1209 1432 1354 1471 tamen
1377 1431 1494 1470 tutus

238 1502 300 1529 es:
330 1488 411 1529 tibi
436 1489 615 1542 pecunia
639 1489 720 1530 hoc
744 1491 946 1543 praestat,
972 1491 1020 1530 ut
1046 1489 1103 1529 sis
1128 1501 1287 1542 pauper
1313 1501 1493 1529 securus,

240 1545 358 1587 adice
388 1546 506 1599 illud,
538 1547 650 1600 quod
681 1549 729 1588 tu
760 1547 811 1588 de
842 1546 1108 1601 longioribus
1138 1545 1402 1600 temporibus
1429 1559 1496 1586 co-

241 1604 366 1659 gitas.
421 1604 466 1645 in
503 1618 686 1658 summa,
724 1605 759 1645 si
790 1605 945 1657 vincis,
982 1604 1170 1658 aliquam
1200 1606 1345 1645 tamen
1374 1605 1496 1658 potes

242 1664 433 1716 spectare
458 1662 686 1704 rationem:
712 1675 791 1716 ego
818 1676 892 1704 cur
915 1662 1092 1716 litigem,
1117 1661 1218 1715 quid
1236 1661 1330 1702 est‘?
1355 1663 1403 1702 ut
1421 1660 1495 1701 ali—

240 1720 341 1774 quid
367 1720 586 1762 auferam?
617 1720 716 1774 quid
742 1720 886 1774 habes,
916 1720 1000 1761 nisi
1025 1718 1292 1774 depositum?
1318 1731 1397 1773 ego
1418 1732 1496 1772 me,

238 1778 410 1831 iudices,
435 1778 546 1820 hanc
571 1779 794 1832 pecuniam
819 1778 1052 1832 perdidisse
1073 1777 1171 1819 scio.
1201 1791 1303 1818 nam
1321 1778 1370 1817 ut
1384 1775 1497 1817 dam-

238 1837 360 1889 netis,
393 1851 475 1890 quo
503 1835 733 1889 manu<m>
765 1835 963 1878 mittam?
994 1834 1284 1890 perseverabit
1311 1834 1424 1875 enim
1453 1833 1499 1874 in

336 1973 546 2008 1·indebita
571 1977 610 2016 c,
636 1985 683 2008 an
708 1973 871 2009 debitam
897 1976 923 2006 B
947 1974 959 2018 ΙΙ
985 1976 1005 2006 2
1032 1971 1100 2007 cal.
1125 1971 1243 2017 relegi
1266 1974 1335 2015 Aa,
1361 1971 1498 2006 calum-

240 2019 342 2055 niare
367 2020 484 2064 relegi
507 2023 534 2053 B
553 2021 564 2065 ΙΙ
583 2019 715 2055 *effodi
739 2023 843 2062 ABG,
871 2018 1014 2054 defodit
1039 2019 1093 2054 Gr
1115 2020 1128 2063 ΙΙ
1152 2022 1173 2053 3
1198 2016 1416 2053 abscondi
1439 2019 1470 2050 Δ
1487 2016 1499 2061 Η

243 2070 264 2100 4
288 2066 440 2109 inquam
463 2070 490 2100 Β
510 2068 521 2111 ΙΙ
540 2071 561 2102 8
587 2066 811 2110 quaestionis
837 2069 866 2099 Δ
884 2067 895 2110 ΙΙ
915 2070 934 2100 9
961 2065 1016 2100 sin
1041 2063 1161 2099 minus
1187 2064 1239 2108 011
1261 2067 1304 2098 14
1327 2062 1423 2098 male
1449 2063 1500 2098 fe-

243 2113 326 2147 cisti
350 2116 412 2146 Ac
431 2115 443 2158 ss
463 2117 506 2148 15
532 2113 638 2147 istius
663 2115 774 2156 Ano,
801 2123 894 2148 corr.
921 2112 1010 2155 Sch‚·
1033 2110 1176 2157 isti[u]s
1199 2111 1275 2146 Aer
1292 2111 1304 2155 ΙΙ
1324 2113 1367 2145 16
1390 2120 1499 2153 pecu-

238 2158 323 2194 niae
347 2159 425 2194 fore
438 2163 460 2192 c
479 2161 491 2205 Η
510 2163 555 2195 20
569 2159 706 2205 adfert]
733 2158 838 2194 addit
861 2162 887 2192 B
906 2159 918 2203 ΙΙ
937 2162 981 2193 24
1006 2157 1104 2202 quod
1128 2168 1193 2193 om.
1207 2159 1234 2190 B
1252 2157 1264 2202 ΙΙ
1283 2160 1327 2191 26
1353 2155 1500 2201 litigem

240 2208 294 2239 Aa.
322 2207 334 2251 ΙΙ
364 2208 408 2240 29
435 2217 519 2250 quo
545 2209 574 2239 A
603 2206 615 2250 ΙΙ
643 2206 902 2241 manumittam
927 2208 1036 2248 ABc,
1061 2213 1151 2239 corr.
1177 2204 1270 2246 Aer,-
1297 2213 1426 2237 manus
1450 2214 1497 2237 m.

243 2252 293 2287 Pi
311 2253 322 2297 ΙΙ
340 2252 591 2296 perseveravit
614 2255 707 2286 Arc
