1586 2476
467 110 892 150 DECLAMATIONES.
924 109 1080 147 CCLIV.
1368 109 1424 151 41

137 225 372 278 contraque
414 235 526 277 eam,
567 236 676 278 quae
708 221 822 264 hunc
853 221 900 263 in
931 220 1108 263 exilium
1140 218 1290 262 misit?
1338 234 1427 262 non

134 283 228 324 iure
259 296 386 336 novo,
427 281 503 324 sed
535 285 680 324 vetere
713 283 842 336 atque
874 280 980 323 olim
1013 279 1253 322 constituto
1285 293 1426 322 rever-

137 356 209 384 sus
236 343 315 396 est,
340 355 516 383 manere
539 342 672 384 etiam
691 340 802 383 citra
826 340 939 382 hanc
964 339 1241 395 rogationem
1267 341 1426 394 potest.

135 401 187 444 de
217 415 301 456 quo
326 400 581 456 priusquam
606 401 773 456 loquar,
803 399 1049 442 necessario
1075 398 1197 454 illud,
1229 398 1344 454 quod
1371 398 1426 440 ab

135 460 396 504 adversariis
434 459 784 515 frequentissime
822 459 1042 502 obiectum
1081 460 1166 513 est,
1210 457 1427 513 depellen-
1454 467 1476 498 5

135 519 238 562 dum
258 519 437 563 videtur.
481 518 595 575 „Cur
626 519 755 575 enim,
786 518 1000 574 inquiunt,
1032 518 1069 560 si
1101 531 1322 560 remanere
1350 531 1427 559 suo

134 579 227 622 iure
251 581 438 634 poterat,
464 579 708 634 expectavit
726 578 1000 634 rogationem
1009 577 1057 620 ‘?“
1088 577 1151 620 Ut
1169 576 1430 620 verecundia

135 639 175 681 ei
211 639 320 681 adeo
357 638 468 680 nihil
507 638 621 694 apud
658 652 735 681 vos
773 637 933 694 prosit,
972 639 1022 679 ut
1054 636 1186 680 etiam
1218 636 1265 678 in
1298 650 1430 679 causa

134 697 372 755 plurimum
418 701 592 741 noceat:
645 700 747 740 ante
791 697 938 740 omnia
986 711 1073 739 non
1111 696 1246 739 miror
1290 695 1429 738 homi-

134 771 235 800 nem
278 757 438 801 iudicia
485 758 648 800 totiens
694 757 928 800 infeliciter
972 759 1219 811 expertum,
1269 758 1338 798 tot
1381 756 1427 797 in
1456 765 1502 796 10

137 817 312 860 civitate
343 817 542 860 inimicos
574 817 828 872 habentem,
873 815 984 858 nihil
1015 817 1255 871 temptasse
1286 814 1429 870 priva-

134 876 228 920 tim.
274 876 468 932 litigavit
498 876 704 919 innocens
737 891 854 919 reus:
887 875 1117 918 damnatus
1150 878 1228 917 est.
1273 874 1430 917 detulit

136 935 378 978 adfectatae
409 935 650 991 tyrannidis
676 941 799 978 reum
826 934 895 991 (ut
925 949 1029 991 pars
1055 934 1246 977 iudicum
1281 932 1429 990 putat)

135 994 434 1038 manifestum:
471 994 783 1050 impedimento
814 995 1014 1050 publicae
1046 994 1336 1036 humanitatis
1368 993 1429 1035 vi-

135 1058 230 1098 etus
251 1057 329 1097 est.
360 1054 489 1097 hodie
514 1055 624 1097 citra
647 1054 922 1111 rogationem
949 1056 1103 1097 eontra
1128 1054 1195 1096 ius
1221 1056 1430 1108 vestrum,
1459 1063 1503 1094 15

134 1116 288 1158 eontra
336 1116 602 1169 potestatem
651 1114 803 1170 populi
852 1113 1096 1170 pugnabit?
1156 1113 1231 1155 ille
1281 1086 1431 1155 tameri

135 1173 245 1216 mihi
276 1173 397 1229 alias,
429 1176 484 1228 et,
514 1175 564 1216 ut
590 1173 690 1230 dixi,
721 1173 944 1230 graviores
970 1173 1017 1215 in
1042 1173 1221 1215 exilium
1242 1171 1431 1215 abeundi

137 1246 288 1276 causas
320 1207 492 1276 videtui·
514 1233 733 1276 habuisse.
771 1233 998 1276 absolutus
1026 1235 1094 1275 est
1118 1232 1292 1288 quidem
1319 1246 1431 1285 reus,

137 1292 212 1335 sed
236 1292 513 1336 innocentem
540 1307 584 1335 se
611 1307 704 1335 esse
728 1293 971 1335 accusatori
990 1292 1183 1335 nondum
1202 1290 1430 1347 persuasit.

138 1365 220 1407 ego
262 1366 365 1394 vero
402 1366 492 1394 non
529 1352 681 1407 miror,
725 1351 839 1407 quod
876 1352 947 1394 hic
983 1351 1113 1394 timet
1151 1350 1290 1393 adhuc
1330 1350 1431 1392 eivi-
1458 1359 1505 1391 20

136 1411 240 1466 tati,
293 1411 406 1466 quod
448 1411 569 1453 velut
610 1411 920 1466 inpendentem
965 1411 1182 1466 quandam
1228 1410 1431 1453 omnibus

136 1470 264 1512 nobis
302 1470 472 1512 ruinam
511 1470 728 1526 suffugere
767 1474 810 1512 et
849 1470 1032 1526 evitare,
1071 1470 1184 1526 quod
1216 1468 1433 1525 praevidit

137 1529 395 1585 periculum,
432 1530 568 1585 cupit:
614 1529 688 1572 sed
725 1531 850 1572 tanto
888 1530 1029 1586 magis
1068 1529 1319 1572 retinendus
1352 1531 1430 1570 est.

136 1588 346 1631 Putemus
379 1588 545 1644 alioqui
576 1589 687 1632 citra
717 1589 995 1645 rogationem
1021 1589 1155 1631 talem
1181 1588 1432 1631 institutam

137 1662 232 1691 esse
262 1647 418 1704 legem,
450 1648 589 1704 qualis
622 1652 749 1704 esset,
781 1649 818 1691 si
843 1648 914 1691 hic
939 1649 985 1690 in
1010 1648 1187 1691 civitate
1208 1662 1433 1691 remanere
1459 1657 1507 1689 25

139 1707 284 1751 vellet.
344 1708 413 1750 lex
446 1708 549 1763 quid
582 1707 716 1751 dicit?
772 1708 889 1764 »qui
922 1710 1180 1750 secretum
1212 1708 1273 1750 ad
1305 1722 1434 1750 rem-

134 1766 398 1822 publicam
448 1767 720 1822 pertinens
764 1767 998 1810 indicare
1042 1767 1292 1823 voluerit,
1341 1767 1433 1809 ha-

135 1827 256 1869 beat
286 1827 590 1869 remanendi
621 1830 974 1883 potestatem«
1035 1841 1164 1871 nemo
1203 1826 1434 1882 dubitabit,

138 1899 192 1928 an
225 1885 498 1929 indicaverit.

225 1943 373 1988 Verba
403 1945 541 2002 igitur
572 1945 684 2002 legis
710 1960 789 2001 pro
820 1946 948 1989 nobis
981 1946 1146 2002 omnia,
1179 1945 1253 1988 sed
1286 1945 1340 1988 ad
1372 1945 1434 1986 in·
1461 1955 1508 1987 30

136 2005 495 2061 tei-pretationem
522 2005 762 2048 voluntatis
793 2020 1011 2048 vocamur.
1051 2020 1132 2049 nec
1158 2005 1274 2048 enim
1302 2005 1434 2060 scrip-

234 2125 256 2156 4
283 2121 386 2167 quod
410 2132 477 2158 om.
503 2125 534 2156 A
565 2123 576 2167 ΙΙ
601 2126 622 2157 9
649 2121 843 2158 hominum
869 2126 899 2156 A
925 2124 936 2167 η
963 2126 1007 2158 10
1032 2121 1174 2159 iudicia
1198 2133 1265 2159 om.
1298 2125 1325 2156 B
1351 2123 1363 2166 ΙΙ
1390 2125 1434 2157 13

137 2168 328 2205 adfectata
354 2171 393 2204 et
417 2170 478 2214 tyr
503 2172 590 2204 AaB
612 2170 623 2214 ΙΙ
646 2174 687 2204 15
715 2170 845 2206 contra
871 2173 947 2214 ΔΒ,
974 2181 1065 2207 corr.
1091 2171 1198 2215 Aerss
1220 2174 1263 2206 16
1289 2180 1435 2215 pugna-

138 2215 196 2252 vit
219 2219 284 2250 AB
310 2219 321 2262 [Ι
347 2220 393 2252 20
418 2217 500 2252 tim.
526 2220 566 2252 at
590 2216 652 2253 hic
678 2219 704 2250 B
732 2219 743 2263 ΙΙ
769 2221 823 2252 21-
841 2217 1035 2254 civitatem
1061 2220 1138 2263 AB,
1164 2229 1255 2254 corr.
1284 2217 1339 2253 Gr
1358 2218 1369 2261 Η
1389 2220 1433 2251 25

141 2268 369 2346 exspeztatur
393 2263 544 2310 *qualis
571 2265 725 2300 deberet
751 2275 827 2300 esse
853 2264 915 2301 vel
941 2277 1002 2311 qu.
1030 2269 1139 2311 esset,
1165 2267 1209 2300 ut
1233 2266 1269 2300 h.
1296 2264 1319 2299 i.
1349 2275 1379 2300 c.
1406 2275 1434 2298 r.

138 2321 247 2356 posse
