<?xml version="1.0" encoding="UTF-8"?>
<!DOCTYPE html PUBLIC "-//W3C//DTD XHTML 1.0 Transitional//EN"
    "http://www.w3.org/TR/xhtml1/DTD/xhtml1-transitional.dtd">
<html xmlns="http://www.w3.org/1999/xhtml" xml:lang="en" lang="en">
 <head>
  <title>
</title>
<meta http-equiv="Content-Type" content="text/html;charset=utf-8" />
  <meta name='ocr-system' content='tesseract 3.04.00' />
  <meta name='ocr-capabilities' content='ocr_page ocr_carea ocr_par ocr_line ocrx_word'/>
</head>
<body>
  <div class='ocr_page' id='page_1' title='image "./declamationesqua00quinuoft_0205.png"; bbox 0 0 1604 2488; ppageno 0'>
   <div class='ocr_carea' id='block_1_1' title="bbox 475 133 1446 179">
    <p class='ocr_par' dir='ltr' id='par_1_1' title="bbox 475 133 1446 179">
     <span class='ocr_line' id='line_1_1' title="bbox 475 133 1446 179; baseline 0.009 -9"><span class='ocrx_word' id='word_1_1' title='bbox 475 133 900 171; x_wconf 81' lang='lat' dir='ltr'>DECLAMATIONES.</span> <span class='ocrx_word' id='word_1_2' title='bbox 928 134 1114 171; x_wconf 78' lang='lat' dir='ltr'><strong>ccxcvl.</strong></span> <span class='ocrx_word' id='word_1_3' title='bbox 1361 135 1446 179; x_wconf 88' lang='grc'><strong>169</strong></span> 
     </span>
    </p>
   </div>
   <div class='ocr_carea' id='block_1_2' title="bbox 641 265 947 394">
    <p class='ocr_par' dir='ltr' id='par_1_2' title="bbox 641 265 947 394">
     <span class='ocr_line' id='line_1_2' title="bbox 679 265 922 311; baseline -0.004 0"><span class='ocrx_word' id='word_1_4' title='bbox 679 265 922 311; x_wconf 75' lang='grc' dir='ltr'><strong>ΟΟΧΟἩ.</strong></span> 
     </span>
     <span class='ocr_line' id='line_1_3' title="bbox 641 350 947 394; baseline -0.003 0"><span class='ocrx_word' id='word_1_5' title='bbox 641 350 775 394; x_wconf 85' lang='lat' dir='ltr'><strong>Exul</strong></span> <span class='ocrx_word' id='word_1_6' title='bbox 829 350 947 394; x_wconf 76' lang='lat' dir='ltr'><strong>tace.</strong></span> 
     </span>
    </p>
   </div>
   <div class='ocr_carea' id='block_1_3' title="bbox 148 431 1508 906">
    <p class='ocr_par' dir='ltr' id='par_1_3' title="bbox 148 431 1508 906">
     <span class='ocr_line' id='line_1_4' title="bbox 148 431 1438 478; baseline 0.002 -3"><span class='ocrx_word' id='word_1_7' title='bbox 148 431 354 476; x_wconf 80' lang='lat' dir='ltr'><strong>EXULEM</strong></span> <span class='ocrx_word' id='word_1_8' title='bbox 385 445 529 476; x_wconf 78' lang='lat' dir='ltr'>INTRA</span> <span class='ocrx_word' id='word_1_9' title='bbox 561 445 696 477; x_wconf 76' lang='lat' dir='ltr'><strong>FINEs</strong></span> <span class='ocrx_word' id='word_1_10' title='bbox 728 443 1077 476; x_wconf 77' lang='lat' dir='ltr'><strong>DEPRERENSUM</strong></span> <span class='ocrx_word' id='word_1_11' title='bbox 1108 445 1277 477; x_wconf 81' lang='lat' dir='ltr'>LICEAT</span> <span class='ocrx_word' id='word_1_12' title='bbox 1312 445 1438 478; x_wconf 77' lang='lat'><em>0001-</em></span> 
     </span>
     <span class='ocr_line' id='line_1_5' title="bbox 265 492 1439 550; baseline 0.003 -15"><span class='ocrx_word' id='word_1_13' title='bbox 265 504 406 536; x_wconf 80' lang='lat' dir='ltr'><strong>DERE.</strong></span> <span class='ocrx_word' id='word_1_14' title='bbox 473 492 751 549; x_wconf 89' lang='lat' dir='ltr'><strong>Inprudentis</strong></span> <span class='ocrx_word' id='word_1_15' title='bbox 790 492 934 536; x_wconf 89' lang='lat' dir='ltr'><strong>caedis</strong></span> <span class='ocrx_word' id='word_1_16' title='bbox 976 492 1205 536; x_wconf 89' lang='lat' dir='ltr'><strong>damnatus</strong></span> <span class='ocrx_word' id='word_1_17' title='bbox 1252 508 1303 536; x_wconf 89' lang='lat' dir='ltr'><strong>ex</strong></span> <span class='ocrx_word' id='word_1_18' title='bbox 1341 494 1439 550; x_wconf 85' lang='lat' dir='ltr'><strong>lege</strong></span> 
     </span>
     <span class='ocr_line' id='line_1_6' title="bbox 265 551 1488 609; baseline 0.002 -15"><span class='ocrx_word' id='word_1_19' title='bbox 265 552 311 595; x_wconf 90' lang='lat' dir='ltr'><strong>in</strong></span> <span class='ocrx_word' id='word_1_20' title='bbox 355 551 533 596; x_wconf 83' lang='lat' dir='ltr'><strong>exilium</strong></span> <span class='ocrx_word' id='word_1_21' title='bbox 585 552 925 609; x_wconf 85' lang='lat' dir='ltr'><strong>quinquennium</strong></span> <span class='ocrx_word' id='word_1_22' title='bbox 969 552 1128 595; x_wconf 89' lang='lat' dir='ltr'><strong>missus</strong></span> <span class='ocrx_word' id='word_1_23' title='bbox 1173 555 1251 596; x_wconf 91' lang='lat' dir='ltr'><strong>est.</strong></span> <span class='ocrx_word' id='word_1_24' title='bbox 1321 553 1439 596; x_wconf 89' lang='lat' dir='ltr'><strong>intra</strong></span> <span class='ocrx_word' id='word_1_25' title='bbox 1464 564 1488 597; x_wconf 79' lang='lat'>5</span> 
     </span>
     <span class='ocr_line' id='line_1_7' title="bbox 264 611 1435 669; baseline 0.002 -15"><span class='ocrx_word' id='word_1_26' title='bbox 264 612 372 654; x_wconf 89' lang='lat' dir='ltr'><strong>fines</strong></span> <span class='ocrx_word' id='word_1_27' title='bbox 406 628 431 655; x_wconf 89' lang='lat' dir='ltr'><strong>a</strong></span> <span class='ocrx_word' id='word_1_28' title='bbox 463 612 599 655; x_wconf 85' lang='lat' dir='ltr'><strong>fratre</strong></span> <span class='ocrx_word' id='word_1_29' title='bbox 633 611 686 654; x_wconf 89' lang='lat' dir='ltr'><strong>ad</strong></span> <span class='ocrx_word' id='word_1_30' title='bbox 717 625 867 655; x_wconf 87' lang='lat' dir='ltr'><strong>cenam</strong></span> <span class='ocrx_word' id='word_1_31' title='bbox 899 614 1080 654; x_wconf 86' lang='lat' dir='ltr'><strong>vocatus</strong></span> <span class='ocrx_word' id='word_1_32' title='bbox 1114 626 1210 655; x_wconf 87' lang='lat' dir='ltr'><strong>cum</strong></span> <span class='ocrx_word' id='word_1_33' title='bbox 1238 613 1435 669; x_wconf 90' lang='lat' dir='ltr'><strong>parasito</strong></span> 
     </span>
     <span class='ocr_line' id='line_1_8' title="bbox 261 670 1437 728; baseline 0.002 -14"><span class='ocrx_word' id='word_1_34' title='bbox 261 670 412 714; x_wconf 78' lang='lat' dir='ltr'><strong>fratris</strong></span> <span class='ocrx_word' id='word_1_35' title='bbox 438 672 583 727; x_wconf 86' lang='lat' dir='ltr'><strong>litem,</strong></span> <span class='ocrx_word' id='word_1_36' title='bbox 625 670 763 714; x_wconf 85' lang='lat' dir='ltr'><strong>fratre</strong></span> <span class='ocrx_word' id='word_1_37' title='bbox 795 671 883 714; x_wconf 91' lang='lat' dir='ltr'><strong>iam</strong></span> <span class='ocrx_word' id='word_1_38' title='bbox 917 671 1178 728; x_wconf 75' lang='lat' dir='ltr'><strong>dormiente,</strong></span> <span class='ocrx_word' id='word_1_39' title='bbox 1215 673 1437 716; x_wconf 72' lang='lat' dir='ltr'><strong>conseruit</strong></span> 
     </span>
     <span class='ocr_line' id='line_1_9' title="bbox 262 730 1434 788; baseline 0 -14"><span class='ocrx_word' id='word_1_40' title='bbox 262 734 307 774; x_wconf 87' lang='lat' dir='ltr'><strong>et</strong></span> <span class='ocrx_word' id='word_1_41' title='bbox 326 746 351 774; x_wconf 85' lang='lat' dir='ltr'><strong>a</strong></span> <span class='ocrx_word' id='word_1_42' title='bbox 370 731 567 788; x_wconf 84' lang='lat' dir='ltr'><strong>parasito</strong></span> <span class='ocrx_word' id='word_1_43' title='bbox 588 731 837 774; x_wconf 83' lang='lat' dir='ltr'><strong>clamante»</strong></span> <span class='ocrx_word' id='word_1_44' title='bbox 849 730 947 773; x_wconf 86' lang='lat' dir='ltr'><strong>exul</strong></span> <span class='ocrx_word' id='word_1_45' title='bbox 966 733 1094 774; x_wconf 88' lang='lat' dir='ltr'><strong>tace«</strong></span> <span class='ocrx_word' id='word_1_46' title='bbox 1114 746 1166 774; x_wconf 87' lang='lat' dir='ltr'><strong>ex</strong></span> <span class='ocrx_word' id='word_1_47' title='bbox 1185 731 1282 788; x_wconf 87' lang='lat' dir='ltr'><strong>lege</strong></span> <span class='ocrx_word' id='word_1_48' title='bbox 1301 732 1434 775; x_wconf 89' lang='lat' dir='ltr'><strong>inter—</strong></span> 
     </span>
     <span class='ocr_line' id='line_1_10' title="bbox 259 790 1436 847; baseline 0.001 -14"><span class='ocrx_word' id='word_1_49' title='bbox 259 790 400 833; x_wconf 87' lang='lat' dir='ltr'><strong>fectus</strong></span> <span class='ocrx_word' id='word_1_50' title='bbox 445 793 523 834; x_wconf 88' lang='lat' dir='ltr'><strong>est.</strong></span> <span class='ocrx_word' id='word_1_51' title='bbox 593 805 677 847; x_wconf 92' lang='lat' dir='ltr'><strong>quo</strong></span> <span class='ocrx_word' id='word_1_52' title='bbox 722 792 945 846; x_wconf 90' lang='lat' dir='ltr'><strong>comperto</strong></span> <span class='ocrx_word' id='word_1_53' title='bbox 989 790 1230 847; x_wconf 73' lang='lat' dir='ltr'><strong>parasitum</strong></span> <span class='ocrx_word' id='word_1_54' title='bbox 1275 791 1436 835; x_wconf 88' lang='lat' dir='ltr'><strong>abiecit</strong></span> 
     </span>
     <span class='ocr_line' id='line_1_11' title="bbox 262 849 1508 906; baseline 0.001 -14"><span class='ocrx_word' id='word_1_55' title='bbox 262 849 526 906; x_wconf 83' lang='lat' dir='ltr'><strong>adulescens,</strong></span> <span class='ocrx_word' id='word_1_56' title='bbox 558 865 583 892; x_wconf 89' lang='lat' dir='ltr'><strong>a</strong></span> <span class='ocrx_word' id='word_1_57' title='bbox 614 852 737 906; x_wconf 84' lang='lat' dir='ltr'><strong>patre</strong></span> <span class='ocrx_word' id='word_1_58' title='bbox 770 849 1007 892; x_wconf 88' lang='lat' dir='ltr'><strong>abdicatur.</strong></span> <span class='ocrx_word' id='word_1_59' title='bbox 1460 862 1508 894; x_wconf 84' lang='lat'><strong>10</strong></span> 
     </span>
    </p>
   </div>
   <div class='ocr_carea' id='block_1_4' title="bbox 558 966 1012 1011">
    <p class='ocr_par' dir='ltr' id='par_1_4' title="bbox 558 966 1012 1011">
     <span class='ocr_line' id='line_1_12' title="bbox 558 966 1012 1011; baseline 0.002 -1"><span class='ocrx_word' id='word_1_60' title='bbox 558 966 1012 1011; x_wconf 84' lang='lat' dir='ltr'>DEOLAMATIO.</span> 
     </span>
    </p>
   </div>
   <div class='ocr_carea' id='block_1_5' title="bbox 123 1050 1506 1938">
    <p class='ocr_par' dir='ltr' id='par_1_5' title="bbox 131 1050 1506 1582">
     <span class='ocr_line' id='line_1_13' title="bbox 226 1050 1426 1107; baseline 0 -13"><span class='ocrx_word' id='word_1_61' title='bbox 226 1050 449 1094; x_wconf 90' lang='lat' dir='ltr'><strong>Obicimus</strong></span> <span class='ocrx_word' id='word_1_62' title='bbox 481 1051 745 1094; x_wconf 86' lang='lat' dir='ltr'><strong>adulescenti</strong></span> <span class='ocrx_word' id='word_1_63' title='bbox 777 1054 877 1094; x_wconf 85' lang='lat' dir='ltr'><strong>ante</strong></span> <span class='ocrx_word' id='word_1_64' title='bbox 910 1051 1077 1106; x_wconf 80' lang='lat' dir='ltr'><strong>onmia,</strong></span> <span class='ocrx_word' id='word_1_65' title='bbox 1115 1051 1230 1107; x_wconf 90' lang='lat' dir='ltr'><strong>quod</strong></span> <span class='ocrx_word' id='word_1_66' title='bbox 1261 1052 1426 1107; x_wconf 86' lang='lat' dir='ltr'><strong>parasi-</strong></span> 
     </span>
     <span class='ocr_line' id='line_1_14' title="bbox 134 1110 1427 1167; baseline 0.002 -15"><span class='ocrx_word' id='word_1_67' title='bbox 134 1112 230 1154; x_wconf 90' lang='lat' dir='ltr'><strong>tum</strong></span> <span class='ocrx_word' id='word_1_68' title='bbox 254 1111 468 1154; x_wconf 75' lang='lat' dir='ltr'><strong>habuerit.</strong></span> <span class='ocrx_word' id='word_1_69' title='bbox 511 1111 778 1154; x_wconf 80' lang='lat' dir='ltr'><strong>abdicationi</strong></span> <span class='ocrx_word' id='word_1_70' title='bbox 805 1110 888 1153; x_wconf 90' lang='lat' dir='ltr'><strong>hoc</strong></span> <span class='ocrx_word' id='word_1_71' title='bbox 915 1111 1020 1153; x_wconf 87' lang='lat' dir='ltr'><strong>satis</strong></span> <span class='ocrx_word' id='word_1_72' title='bbox 1048 1113 1154 1163; x_wconf 87' lang='lat' dir='ltr'><strong>erat,</strong></span> <span class='ocrx_word' id='word_1_73' title='bbox 1185 1113 1234 1154; x_wconf 89' lang='lat' dir='ltr'><strong>ut</strong></span> <span class='ocrx_word' id='word_1_74' title='bbox 1261 1111 1298 1154; x_wconf 90' lang='lat' dir='ltr'><strong>si</strong></span> <span class='ocrx_word' id='word_1_75' title='bbox 1324 1112 1427 1167; x_wconf 91' lang='lat' dir='ltr'><strong>quid</strong></span> 
     </span>
     <span class='ocr_line' id='line_1_15' title="bbox 134 1169 1428 1226; baseline 0 -12"><span class='ocrx_word' id='word_1_76' title='bbox 134 1173 260 1226; x_wconf 83' lang='lat' dir='ltr'><strong>pater</strong></span> <span class='ocrx_word' id='word_1_77' title='bbox 295 1170 427 1226; x_wconf 81' lang='lat' dir='ltr'><strong>nolit,</strong></span> <span class='ocrx_word' id='word_1_78' title='bbox 469 1185 709 1226; x_wconf 88' lang='lat' dir='ltr'><strong>numquam</strong></span> <span class='ocrx_word' id='word_1_79' title='bbox 753 1169 962 1213; x_wconf 89' lang='lat' dir='ltr'><strong>emendet.</strong></span> <span class='ocrx_word' id='word_1_80' title='bbox 1027 1184 1159 1226; x_wconf 87' lang='lat' dir='ltr'><strong>quare</strong></span> <span class='ocrx_word' id='word_1_81' title='bbox 1197 1170 1308 1213; x_wconf 88' lang='lat' dir='ltr'><strong>nihil</strong></span> <span class='ocrx_word' id='word_1_82' title='bbox 1348 1175 1428 1226; x_wconf 87' lang='lat' dir='ltr'><strong>est,</strong></span> 
     </span>
     <span class='ocr_line' id='line_1_16' title="bbox 134 1229 1502 1286; baseline 0 -14"><span class='ocrx_word' id='word_1_83' title='bbox 134 1229 250 1286; x_wconf 86' lang='lat' dir='ltr'><strong>quod</strong></span> <span class='ocrx_word' id='word_1_84' title='bbox 286 1229 404 1273; x_wconf 85' lang='lat' dir='ltr'><strong>dicas</strong></span> <span class='ocrx_word' id='word_1_85' title='bbox 444 1230 569 1285; x_wconf 89' lang='lat' dir='ltr'><strong>mihi,</strong></span> <span class='ocrx_word' id='word_1_86' title='bbox 606 1244 844 1285; x_wconf 87' lang='lat' dir='ltr'><strong>numquam</strong></span> <span class='ocrx_word' id='word_1_87' title='bbox 881 1229 1002 1272; x_wconf 89' lang='lat' dir='ltr'><strong>istud</strong></span> <span class='ocrx_word' id='word_1_88' title='bbox 1039 1229 1251 1272; x_wconf 86' lang='lat' dir='ltr'><strong>obiecisti.</strong></span> <span class='ocrx_word' id='word_1_89' title='bbox 1323 1230 1426 1285; x_wconf 90' lang='lat' dir='ltr'><strong>quid</strong></span> <span class='ocrx_word' id='word_1_90' title='bbox 1454 1240 1502 1272; x_wconf 79' lang='lat'><strong>15</strong></span> 
     </span>
     <span class='ocr_line' id='line_1_17' title="bbox 134 1288 1506 1345; baseline 0 -14"><span class='ocrx_word' id='word_1_91' title='bbox 134 1289 250 1332; x_wconf 92' lang='lat' dir='ltr'><strong>enim</strong></span> <span class='ocrx_word' id='word_1_92' title='bbox 277 1289 379 1331; x_wconf 76' lang='lat' dir='ltr'><strong>hinc</strong></span> <span class='ocrx_word' id='word_1_93' title='bbox 405 1289 578 1345; x_wconf 82' lang='lat' dir='ltr'><strong>colligis</strong></span> <span class='ocrx_word' id='word_1_94' title='bbox 605 1289 734 1344; x_wconf 85' lang='lat' dir='ltr'><strong>aliud,</strong></span> <span class='ocrx_word' id='word_1_95' title='bbox 768 1303 899 1344; x_wconf 88' lang='lat' dir='ltr'><strong>quam</strong></span> <span class='ocrx_word' id='word_1_96' title='bbox 931 1291 981 1332; x_wconf 92' lang='lat' dir='ltr'><strong>ut</strong></span> <span class='ocrx_word' id='word_1_97' title='bbox 1010 1291 1055 1330; x_wconf 86' lang='lat' dir='ltr'><strong>te</strong></span> <span class='ocrx_word' id='word_1_98' title='bbox 1088 1288 1259 1331; x_wconf 84' lang='lat' dir='ltr'><strong>abdicet</strong></span> <span class='ocrx_word' id='word_1_99' title='bbox 1290 1289 1426 1332; x_wconf 91' lang='lat' dir='ltr'><strong>indul·</strong></span> <span class='ocrx_word' id='word_1_100' title='bbox 1503 1319 1506 1322; x_wconf 61' lang='grc'>«</span> 
     </span>
     <span class='ocr_line' id='line_1_18' title="bbox 133 1347 1424 1404; baseline -0.001 -12"><span class='ocrx_word' id='word_1_101' title='bbox 133 1361 241 1404; x_wconf 82' lang='lat' dir='ltr'><strong>gens</strong></span> <span class='ocrx_word' id='word_1_102' title='bbox 272 1348 427 1404; x_wconf 82' lang='lat' dir='ltr'><strong>pater?</strong></span> <span class='ocrx_word' id='word_1_103' title='bbox 484 1348 587 1404; x_wconf 89' lang='lat' dir='ltr'><strong>quid</strong></span> <span class='ocrx_word' id='word_1_104' title='bbox 625 1348 740 1391; x_wconf 88' lang='lat' dir='ltr'><strong>enim</strong></span> <span class='ocrx_word' id='word_1_105' title='bbox 778 1351 845 1391; x_wconf 91' lang='lat' dir='ltr'><strong>est</strong></span> <span class='ocrx_word' id='word_1_106' title='bbox 874 1347 1115 1403; x_wconf 82' lang='lat' dir='ltr'><strong>parasitus,</strong></span> <span class='ocrx_word' id='word_1_107' title='bbox 1155 1348 1242 1390; x_wconf 90' lang='lat' dir='ltr'><strong>nisi</strong></span> <span class='ocrx_word' id='word_1_108' title='bbox 1280 1362 1424 1391; x_wconf 89' lang='lat' dir='ltr'><strong>comes</strong></span> 
     </span>
     <span class='ocr_line' id='line_1_19' title="bbox 131 1407 1424 1463; baseline -0.001 -13"><span class='ocrx_word' id='word_1_109' title='bbox 131 1407 368 1451; x_wconf 83' lang='lat' dir='ltr'><strong>vitiorum?</strong></span> <span class='ocrx_word' id='word_1_110' title='bbox 397 1407 643 1463; x_wconf 87' lang='lat' dir='ltr'><strong>turpissimi</strong></span> <span class='ocrx_word' id='word_1_111' title='bbox 668 1408 875 1463; x_wconf 83' lang='lat' dir='ltr'><strong>cuiusque</strong></span> <span class='ocrx_word' id='word_1_112' title='bbox 901 1407 1008 1450; x_wconf 87' lang='lat' dir='ltr'><strong>facti</strong></span> <span class='ocrx_word' id='word_1_113' title='bbox 1033 1407 1264 1450; x_wconf 79' lang='lat' dir='ltr'><strong>laudator?</strong></span> <span class='ocrx_word' id='word_1_114' title='bbox 1291 1422 1424 1450; x_wconf 92' lang='lat' dir='ltr'><strong>unum</strong></span> 
     </span>
     <span class='ocr_line' id='line_1_20' title="bbox 132 1466 1423 1522; baseline 0 -12"><span class='ocrx_word' id='word_1_115' title='bbox 132 1471 283 1510; x_wconf 87' lang='lat' dir='ltr'><strong>tamen</strong></span> <span class='ocrx_word' id='word_1_116' title='bbox 312 1466 542 1510; x_wconf 86' lang='lat' dir='ltr'><strong>videbatur</strong></span> <span class='ocrx_word' id='word_1_117' title='bbox 573 1481 667 1509; x_wconf 89' lang='lat' dir='ltr'><strong>esse</strong></span> <span class='ocrx_word' id='word_1_118' title='bbox 700 1466 918 1521; x_wconf 88' lang='lat' dir='ltr'><strong>solatium,</strong></span> <span class='ocrx_word' id='word_1_119' title='bbox 950 1466 1065 1522; x_wconf 89' lang='lat' dir='ltr'><strong>quod</strong></span> <span class='ocrx_word' id='word_1_120' title='bbox 1094 1466 1305 1510; x_wconf 91' lang='lat' dir='ltr'><strong>eiusmodi</strong></span> <span class='ocrx_word' id='word_1_121' title='bbox 1330 1467 1423 1510; x_wconf 88' lang='lat' dir='ltr'><strong>vita</strong></span> 
     </span>
     <span class='ocr_line' id='line_1_21' title="bbox 132 1525 1496 1582; baseline 0 -13"><span class='ocrx_word' id='word_1_122' title='bbox 132 1526 185 1569; x_wconf 90' lang='lat' dir='ltr'><strong>ad</strong></span> <span class='ocrx_word' id='word_1_123' title='bbox 217 1525 500 1569; x_wconf 85' lang='lat' dir='ltr'><strong>homicidium</strong></span> <span class='ocrx_word' id='word_1_124' title='bbox 531 1541 667 1582; x_wconf 88' lang='lat' dir='ltr'><strong>usque</strong></span> <span class='ocrx_word' id='word_1_125' title='bbox 698 1540 788 1568; x_wconf 89' lang='lat' dir='ltr'><strong>non</strong></span> <span class='ocrx_word' id='word_1_126' title='bbox 819 1525 1076 1581; x_wconf 87' lang='lat' dir='ltr'><strong>perveniret.</strong></span> <span class='ocrx_word' id='word_1_127' title='bbox 1447 1536 1496 1569; x_wconf 85' lang='grc'><strong>20</strong></span> 
     </span>
    </p>

    <p class='ocr_par' dir='ltr' id='par_1_6' title="bbox 123 1585 1492 1938">
     <span class='ocr_line' id='line_1_22' title="bbox 222 1585 1422 1642; baseline 0 -14"><span class='ocrx_word' id='word_1_128' title='bbox 222 1585 377 1629; x_wconf 88' lang='lat' dir='ltr'><strong>Obicio</strong></span> <span class='ocrx_word' id='word_1_129' title='bbox 414 1586 516 1640; x_wconf 87' lang='lat' dir='ltr'><strong>tibi,</strong></span> <span class='ocrx_word' id='word_1_130' title='bbox 554 1585 668 1642; x_wconf 91' lang='lat' dir='ltr'><strong>quod</strong></span> <span class='ocrx_word' id='word_1_131' title='bbox 704 1585 887 1628; x_wconf 81' lang='lat' dir='ltr'><strong>fratrem</strong></span> <span class='ocrx_word' id='word_1_132' title='bbox 924 1585 1042 1627; x_wconf 89' lang='lat' dir='ltr'><strong>intra</strong></span> <span class='ocrx_word' id='word_1_133' title='bbox 1072 1585 1181 1628; x_wconf 88' lang='lat' dir='ltr'><strong>fines</strong></span> <span class='ocrx_word' id='word_1_134' title='bbox 1212 1585 1422 1629; x_wconf 86' lang='lat' dir='ltr'><strong>invitasti.</strong></span> 
     </span>
     <span class='ocr_line' id='line_1_23' title="bbox 128 1644 1420 1701; baseline 0.001 -14"><span class='ocrx_word' id='word_1_135' title='bbox 128 1644 263 1688; x_wconf 86' lang='lat' dir='ltr'><strong>fuerit</strong></span> <span class='ocrx_word' id='word_1_136' title='bbox 293 1645 569 1701; x_wconf 87' lang='lat' dir='ltr'><strong>quantalibet</strong></span> <span class='ocrx_word' id='word_1_137' title='bbox 599 1659 731 1688; x_wconf 89' lang='lat' dir='ltr'><strong>causa</strong></span> <span class='ocrx_word' id='word_1_138' title='bbox 763 1644 963 1700; x_wconf 85' lang='lat' dir='ltr'><strong>convivii,</strong></span> <span class='ocrx_word' id='word_1_139' title='bbox 993 1644 1148 1686; x_wconf 86' lang='lat' dir='ltr'><strong>melius</strong></span> <span class='ocrx_word' id='word_1_140' title='bbox 1181 1645 1270 1698; x_wconf 89' lang='lat' dir='ltr'><strong>[eo]</strong></span> <span class='ocrx_word' id='word_1_141' title='bbox 1303 1647 1420 1688; x_wconf 87' lang='lat' dir='ltr'><strong>certe</strong></span> 
     </span>
     <span class='ocr_line' id='line_1_24' title="bbox 128 1703 1419 1760; baseline -0.001 -13"><span class='ocrx_word' id='word_1_142' title='bbox 128 1705 222 1760; x_wconf 87' lang='lat' dir='ltr'><strong>ipse</strong></span> <span class='ocrx_word' id='word_1_143' title='bbox 243 1705 298 1748; x_wconf 85' lang='lat' dir='ltr'><strong>ad</strong></span> <span class='ocrx_word' id='word_1_144' title='bbox 322 1705 503 1747; x_wconf 84' lang='lat' dir='ltr'><strong>fratrem</strong></span> <span class='ocrx_word' id='word_1_145' title='bbox 527 1705 650 1747; x_wconf 69' lang='lat' dir='ltr'><strong>isses</strong></span> <span class='ocrx_word' id='word_1_146' title='bbox 682 1706 830 1747; x_wconf 82' lang='lat' dir='ltr'><strong>manet</strong></span> <span class='ocrx_word' id='word_1_147' title='bbox 854 1703 938 1747; x_wconf 90' lang='lat' dir='ltr'><strong>hoc</strong></span> <span class='ocrx_word' id='word_1_148' title='bbox 961 1704 1107 1759; x_wconf 91' lang='lat' dir='ltr'><strong>ipsum</strong></span> <span class='ocrx_word' id='word_1_149' title='bbox 1131 1704 1247 1746; x_wconf 87' lang='lat' dir='ltr'><strong>inter</strong></span> <span class='ocrx_word' id='word_1_150' title='bbox 1266 1718 1419 1747; x_wconf 88' lang='lat' dir='ltr'><strong>causas</strong></span> 
     </span>
     <span class='ocr_line' id='line_1_25' title="bbox 129 1763 1418 1819; baseline -0.001 -12"><span class='ocrx_word' id='word_1_151' title='bbox 129 1763 436 1807; x_wconf 82' lang='lat' dir='ltr'><strong>abdicationis:</strong></span> <span class='ocrx_word' id='word_1_152' title='bbox 469 1763 584 1807; x_wconf 91' lang='lat' dir='ltr'><strong>obici</strong></span> <span class='ocrx_word' id='word_1_153' title='bbox 613 1764 696 1806; x_wconf 88' lang='lat' dir='ltr'><strong>tibi</strong></span> <span class='ocrx_word' id='word_1_154' title='bbox 726 1765 883 1819; x_wconf 83' lang='lat' dir='ltr'><strong>potest,</strong></span> <span class='ocrx_word' id='word_1_155' title='bbox 915 1763 1030 1819; x_wconf 91' lang='lat' dir='ltr'><strong>quod</strong></span> <span class='ocrx_word' id='word_1_156' title='bbox 1054 1766 1147 1805; x_wconf 88' lang='lat' dir='ltr'><strong>tam</strong></span> <span class='ocrx_word' id='word_1_157' title='bbox 1172 1763 1333 1819; x_wconf 90' lang='lat' dir='ltr'><strong>impius</strong></span> <span class='ocrx_word' id='word_1_158' title='bbox 1361 1778 1418 1819; x_wconf 89' lang='lat' dir='ltr'><strong>es,</strong></span> 
     </span>
     <span class='ocr_line' id='line_1_26' title="bbox 123 1822 1492 1879; baseline -0.001 -13"><span class='ocrx_word' id='word_1_159' title='bbox 123 1826 172 1867; x_wconf 79' lang='lat' dir='ltr'><strong>ut</strong></span> <span class='ocrx_word' id='word_1_160' title='bbox 199 1822 384 1866; x_wconf 82' lang='lat' dir='ltr'><strong>fratrem</strong></span> <span class='ocrx_word' id='word_1_161' title='bbox 415 1826 517 1879; x_wconf 88' lang='lat' dir='ltr'><strong>post</strong></span> <span class='ocrx_word' id='word_1_162' title='bbox 548 1823 673 1866; x_wconf 86' lang='lat' dir='ltr'><strong>illam</strong></span> <span class='ocrx_word' id='word_1_163' title='bbox 704 1823 910 1866; x_wconf 87' lang='lat' dir='ltr'><strong>miseram</strong></span> <span class='ocrx_word' id='word_1_164' title='bbox 939 1822 1161 1866; x_wconf 82' lang='lat' dir='ltr'><strong>fortunam</strong></span> <span class='ocrx_word' id='word_1_165' title='bbox 1182 1837 1273 1866; x_wconf 94' lang='lat' dir='ltr'><strong>non</strong></span> <span class='ocrx_word' id='word_1_166' title='bbox 1303 1823 1417 1866; x_wconf 85' lang='lat' dir='ltr'><strong>vide·</strong></span> <span class='ocrx_word' id='word_1_167' title='bbox 1443 1833 1492 1865; x_wconf 82' lang='lat'><strong>25</strong></span> 
     </span>
     <span class='ocr_line' id='line_1_27' title="bbox 123 1882 1416 1938; baseline 0 -13"><span class='ocrx_word' id='word_1_168' title='bbox 123 1883 196 1938; x_wconf 87' lang='lat' dir='ltr'><strong>ris,</strong></span> <span class='ocrx_word' id='word_1_169' title='bbox 226 1883 314 1926; x_wconf 87' lang='lat' dir='ltr'><strong>nisi</strong></span> <span class='ocrx_word' id='word_1_170' title='bbox 345 1883 399 1926; x_wconf 83' lang='lat' dir='ltr'><strong>ad</strong></span> <span class='ocrx_word' id='word_1_171' title='bbox 431 1885 475 1925; x_wconf 86' lang='lat' dir='ltr'><strong>tc</strong></span> <span class='ocrx_word' id='word_1_172' title='bbox 507 1882 851 1926; x_wconf 88' lang='lat' dir='ltr'><strong>descendentem.</strong></span> <span class='ocrx_word' id='word_1_173' title='bbox 894 1897 998 1925; x_wconf 88' lang='lat' dir='ltr'><strong>nam</strong></span> <span class='ocrx_word' id='word_1_174' title='bbox 1029 1882 1096 1924; x_wconf 90' lang='lat' dir='ltr'><strong>illi</strong></span> <span class='ocrx_word' id='word_1_175' title='bbox 1126 1883 1297 1938; x_wconf 84' lang='lat' dir='ltr'><strong>ignosci</strong></span> <span class='ocrx_word' id='word_1_176' title='bbox 1322 1886 1416 1938; x_wconf 87' lang='lat' dir='ltr'><strong>pot-</strong></span> 
     </span>
    </p>
   </div>
   <div class='ocr_carea' id='block_1_6' title="bbox 117 1997 1414 2330">
    <p class='ocr_par' dir='ltr' id='par_1_7' title="bbox 117 1997 1414 2330">
     <span class='ocr_line' id='line_1_28' title="bbox 218 1997 1414 2045; baseline -0.001 -11"><span class='ocrx_word' id='word_1_177' title='bbox 218 2001 239 2034; x_wconf 91' lang='lat'>8</span> <span class='ocrx_word' id='word_1_178' title='bbox 264 2000 397 2044; x_wconf 83' lang='lat' dir='ltr'><strong>parato</strong></span> <span class='ocrx_word' id='word_1_179' title='bbox 423 1998 456 2034; x_wconf 89' lang='lat' dir='ltr'><strong>si</strong></span> <span class='ocrx_word' id='word_1_180' title='bbox 481 1999 526 2036; x_wconf 86' lang='lat' dir='ltr'><strong>cl.</strong></span> <span class='ocrx_word' id='word_1_181' title='bbox 552 2002 606 2034; x_wconf 68' lang='lat' dir='ltr'><strong>Aa</strong></span> <span class='ocrx_word' id='word_1_182' title='bbox 630 2001 642 2045; x_wconf 73' lang='grc' dir='ltr'><strong>ΙΙ</strong></span> <span class='ocrx_word' id='word_1_183' title='bbox 667 1998 872 2034; x_wconf 87' lang='lat' dir='ltr'><strong>damnante</strong></span> <span class='ocrx_word' id='word_1_184' title='bbox 898 2001 924 2032; x_wconf 93' lang='grc' dir='ltr'><strong><em>Β</em></strong></span> <span class='ocrx_word' id='word_1_185' title='bbox 950 1999 962 2043; x_wconf 86' lang='grc' dir='ltr'><strong>ΙΙ</strong></span> <span class='ocrx_word' id='word_1_186' title='bbox 986 1997 1085 2034; x_wconf 88' lang='lat' dir='ltr'><strong>inter</strong></span> <span class='ocrx_word' id='word_1_187' title='bbox 1108 1998 1327 2034; x_wconf 85' lang='lat' dir='ltr'><strong>interfectus</strong></span> <span class='ocrx_word' id='word_1_188' title='bbox 1353 2002 1383 2033; x_wconf 99' lang='lat' dir='ltr'>A</span> <span class='ocrx_word' id='word_1_189' title='bbox 1402 1999 1414 2045; x_wconf 60' lang='grc' dir='ltr'><strong>,ἶ</strong></span> 
     </span>
     <span class='ocr_line' id='line_1_29' title="bbox 121 2045 1413 2092; baseline 0 -10"><span class='ocrx_word' id='word_1_190' title='bbox 121 2050 142 2082; x_wconf 89' lang='grc'><strong>9</strong></span> <span class='ocrx_word' id='word_1_191' title='bbox 168 2047 235 2092; x_wconf 90' lang='lat' dir='ltr'><strong>qui</strong></span> <span class='ocrx_word' id='word_1_192' title='bbox 259 2049 313 2081; x_wconf 76' lang='lat' dir='ltr'><strong>Aa</strong></span> <span class='ocrx_word' id='word_1_193' title='bbox 343 2048 355 2092; x_wconf 80' lang='lat' dir='ltr'>ss</span> <span class='ocrx_word' id='word_1_194' title='bbox 383 2045 520 2083; x_wconf 84' lang='lat' dir='ltr'><strong>abierit</strong></span> <span class='ocrx_word' id='word_1_195' title='bbox 543 2050 570 2080; x_wconf 82' lang='lat' dir='ltr'>P</span> <span class='ocrx_word' id='word_1_196' title='bbox 606 2047 619 2092; x_wconf 78' lang='grc' dir='ltr'><strong>ΙΙ</strong></span> <span class='ocrx_word' id='word_1_197' title='bbox 658 2050 700 2081; x_wconf 94' lang='grc'><strong>12</strong></span> <span class='ocrx_word' id='word_1_198' title='bbox 727 2046 983 2082; x_wconf 81' lang='lat' dir='ltr'><strong>adolescentia</strong></span> <span class='ocrx_word' id='word_1_199' title='bbox 1007 2045 1046 2081; x_wconf 92' lang='lat' dir='ltr'><strong>in</strong></span> <span class='ocrx_word' id='word_1_200' title='bbox 1071 2046 1110 2081; x_wconf 84' lang='lat' dir='ltr'><strong>te</strong></span> <span class='ocrx_word' id='word_1_201' title='bbox 1136 2048 1162 2079; x_wconf 85' lang='lat' dir='ltr'>B</span> <span class='ocrx_word' id='word_1_202' title='bbox 1195 2047 1206 2091; x_wconf 83' lang='grc' dir='ltr'>Η</span> <span class='ocrx_word' id='word_1_203' title='bbox 1236 2047 1413 2092; x_wconf 86' lang='lat' dir='ltr'><strong>paratum</strong></span> 
     </span>
     <span class='ocr_line' id='line_1_30' title="bbox 120 2092 1412 2140; baseline 0 -11"><span class='ocrx_word' id='word_1_204' title='bbox 120 2097 174 2129; x_wconf 74' lang='lat' dir='ltr'><strong>Aa</strong></span> <span class='ocrx_word' id='word_1_205' title='bbox 192 2095 204 2140; x_wconf 85' lang='grc' dir='ltr'><strong>ΙΙ</strong></span> <span class='ocrx_word' id='word_1_206' title='bbox 226 2098 269 2130; x_wconf 85' lang='grc'><strong>17</strong></span> <span class='ocrx_word' id='word_1_207' title='bbox 295 2095 401 2130; x_wconf 88' lang='lat' dir='ltr'><strong>nolet</strong></span> <span class='ocrx_word' id='word_1_208' title='bbox 424 2097 466 2140; x_wconf 90' lang='lat' dir='ltr'><strong>A,</strong></span> <span class='ocrx_word' id='word_1_209' title='bbox 490 2093 612 2130; x_wconf 79' lang='lat' dir='ltr'><strong>nollet</strong></span> <span class='ocrx_word' id='word_1_210' title='bbox 629 2097 669 2138; x_wconf 83' lang='lat' dir='ltr'><strong>B,</strong></span> <span class='ocrx_word' id='word_1_211' title='bbox 694 2104 786 2130; x_wconf 86' lang='lat' dir='ltr'><strong>corr.</strong></span> <span class='ocrx_word' id='word_1_212' title='bbox 809 2093 899 2138; x_wconf 77' lang='lat' dir='ltr'><strong>Sch,·</strong></span> <span class='ocrx_word' id='word_1_213' title='bbox 924 2092 1244 2139; x_wconf 77' lang='lat' dir='ltr'><strong>an*n01uerit(?)</strong></span> <span class='ocrx_word' id='word_1_214' title='bbox 1264 2095 1275 2139; x_wconf 76' lang='grc' dir='ltr'>Η</span> <span class='ocrx_word' id='word_1_215' title='bbox 1296 2097 1339 2129; x_wconf 87' lang='lat'><strong>15</strong></span> <span class='ocrx_word' id='word_1_216' title='bbox 1359 2094 1412 2129; x_wconf 90' lang='lat' dir='ltr'><strong>mi</strong></span> 
     </span>
     <span class='ocr_line' id='line_1_31' title="bbox 118 2140 1412 2187; baseline -0.001 -11"><span class='ocrx_word' id='word_1_217' title='bbox 118 2144 184 2186; x_wconf 70' lang='lat' dir='ltr'><strong>Aa,</strong></span> <span class='ocrx_word' id='word_1_218' title='bbox 208 2140 277 2178; x_wconf 89' lang='lat' dir='ltr'><strong>mii</strong></span> <span class='ocrx_word' id='word_1_219' title='bbox 301 2144 354 2176; x_wconf 83' lang='lat' dir='ltr'><strong>Ab</strong></span> <span class='ocrx_word' id='word_1_220' title='bbox 375 2142 387 2187; x_wconf 83' lang='grc' dir='ltr'><strong>ΙΙ</strong></span> <span class='ocrx_word' id='word_1_221' title='bbox 407 2145 452 2178; x_wconf 87' lang='grc'><strong>16</strong></span> <span class='ocrx_word' id='word_1_222' title='bbox 476 2141 550 2178; x_wconf 89' lang='lat' dir='ltr'><strong>hoc</strong></span> <span class='ocrx_word' id='word_1_223' title='bbox 575 2144 660 2186; x_wconf 83' lang='lat' dir='ltr'><strong>AB,</strong></span> <span class='ocrx_word' id='word_1_224' title='bbox 686 2152 778 2178; x_wconf 84' lang='lat' dir='ltr'><strong>corr.</strong></span> <span class='ocrx_word' id='word_1_225' title='bbox 805 2141 864 2176; x_wconf 89' lang='lat' dir='ltr'><strong>Ro</strong></span> <span class='ocrx_word' id='word_1_226' title='bbox 887 2141 899 2186; x_wconf 85' lang='grc' dir='ltr'><strong>ΙΙ</strong></span> <span class='ocrx_word' id='word_1_227' title='bbox 921 2145 964 2176; x_wconf 83' lang='grc'><strong>17</strong></span> <span class='ocrx_word' id='word_1_228' title='bbox 991 2140 1106 2186; x_wconf 84' lang='lat' dir='ltr'><strong>aquid</strong></span> <span class='ocrx_word' id='word_1_229' title='bbox 1131 2143 1202 2185; x_wconf 72' lang='lat' dir='ltr'><strong>Aa,</strong></span> <span class='ocrx_word' id='word_1_230' title='bbox 1229 2143 1296 2177; x_wconf 86' lang='lat' dir='ltr'><strong>aut</strong></span> <span class='ocrx_word' id='word_1_231' title='bbox 1321 2141 1412 2187; x_wconf 87' lang='lat' dir='ltr'><strong>quid</strong></span> 
     </span>
     <span class='ocr_line' id='line_1_32' title="bbox 118 2188 1413 2236; baseline 0.001 -12"><span class='ocrx_word' id='word_1_232' title='bbox 118 2192 145 2224; x_wconf 87' lang='grc' dir='ltr'><strong><em>Β</em></strong></span> <span class='ocrx_word' id='word_1_233' title='bbox 165 2190 177 2235; x_wconf 88' lang='grc' dir='ltr'><strong>ΙΙ</strong></span> <span class='ocrx_word' id='word_1_234' title='bbox 203 2190 439 2236; x_wconf 85' lang='lat' dir='ltr'><strong>parasitus</strong></span> <span class='ocrx_word' id='word_1_235' title='bbox 468 2192 498 2223; x_wconf 93' lang='lat' dir='ltr'>A</span> <span class='ocrx_word' id='word_1_236' title='bbox 523 2190 535 2235; x_wconf 81' lang='grc' dir='ltr'><strong>ΙΙ</strong></span> <span class='ocrx_word' id='word_1_237' title='bbox 562 2193 606 2224; x_wconf 91' lang='grc'><strong>18</strong></span> <span class='ocrx_word' id='word_1_238' title='bbox 632 2188 801 2224; x_wconf 79' lang='lat' dir='ltr'><strong>laudatio</strong></span> <span class='ocrx_word' id='word_1_239' title='bbox 827 2191 857 2222; x_wconf 93' lang='lat' dir='ltr'>A</span> <span class='ocrx_word' id='word_1_240' title='bbox 888 2189 900 2233; x_wconf 87' lang='grc' dir='ltr'><strong>ΙΙ</strong></span> <span class='ocrx_word' id='word_1_241' title='bbox 932 2193 976 2225; x_wconf 92' lang='grc'><strong>18</strong></span> <span class='ocrx_word' id='word_1_242' title='bbox 1002 2188 1112 2224; x_wconf 91' lang='lat' dir='ltr'><strong>huius</strong></span> <span class='ocrx_word' id='word_1_243' title='bbox 1136 2188 1240 2224; x_wconf 90' lang='lat' dir='ltr'><strong>modi</strong></span> <span class='ocrx_word' id='word_1_244' title='bbox 1263 2191 1290 2222; x_wconf 83' lang='lat' dir='ltr'>B</span> <span class='ocrx_word' id='word_1_245' title='bbox 1322 2190 1334 2234; x_wconf 85' lang='grc' dir='ltr'><strong>ΙΙ</strong></span> <span class='ocrx_word' id='word_1_246' title='bbox 1365 2193 1413 2225; x_wconf 85' lang='grc'><strong>20</strong></span> 
     </span>
     <span class='ocr_line' id='line_1_33' title="bbox 117 2236 1411 2283; baseline -0.002 -10"><span class='ocrx_word' id='word_1_247' title='bbox 117 2237 324 2283; x_wconf 87' lang='lat' dir='ltr'><strong>pertineret</strong></span> <span class='ocrx_word' id='word_1_248' title='bbox 347 2237 406 2282; x_wconf 82' lang='grc' dir='ltr'><strong>ΒΗ</strong></span> <span class='ocrx_word' id='word_1_249' title='bbox 431 2241 475 2272; x_wconf 83' lang='grc'><strong>21</strong></span> <span class='ocrx_word' id='word_1_250' title='bbox 502 2237 616 2272; x_wconf 87' lang='lat' dir='ltr'><strong>finem</strong></span> <span class='ocrx_word' id='word_1_251' title='bbox 641 2239 667 2270; x_wconf 94' lang='grc' dir='ltr'><strong><em>Β</em></strong></span> <span class='ocrx_word' id='word_1_252' title='bbox 694 2237 706 2282; x_wconf 88' lang='grc' dir='ltr'><strong>ΙΙ</strong></span> <span class='ocrx_word' id='word_1_253' title='bbox 737 2239 782 2271; x_wconf 87' lang='grc'><strong>22</strong></span> <span class='ocrx_word' id='word_1_254' title='bbox 808 2236 941 2271; x_wconf 89' lang='lat' dir='ltr'><strong>melius</strong></span> <span class='ocrx_word' id='word_1_255' title='bbox 968 2247 1013 2272; x_wconf 84' lang='lat' dir='ltr'><strong>ea</strong></span> <span class='ocrx_word' id='word_1_256' title='bbox 1038 2247 1068 2271; x_wconf 90' lang='lat' dir='ltr'><strong>c.</strong></span> <span class='ocrx_word' id='word_1_257' title='bbox 1095 2238 1142 2280; x_wconf 92' lang='lat' dir='ltr'><strong>A,</strong></span> <span class='ocrx_word' id='word_1_258' title='bbox 1167 2248 1216 2272; x_wconf 90' lang='lat' dir='ltr'><strong>m.</strong></span> <span class='ocrx_word' id='word_1_259' title='bbox 1244 2247 1288 2272; x_wconf 88' lang='lat' dir='ltr'><strong>eo</strong></span> <span class='ocrx_word' id='word_1_260' title='bbox 1314 2248 1343 2272; x_wconf 88' lang='lat' dir='ltr'><strong>c.</strong></span> <span class='ocrx_word' id='word_1_261' title='bbox 1371 2239 1411 2282; x_wconf 83' lang='lat' dir='ltr'><strong>B,</strong></span> 
     </span>
     <span class='ocr_line' id='line_1_34' title="bbox 118 2283 1409 2330; baseline -0.002 -10"><span class='ocrx_word' id='word_1_262' title='bbox 118 2295 209 2320; x_wconf 83' lang='lat' dir='ltr'><strong>corr.</strong></span> <span class='ocrx_word' id='word_1_263' title='bbox 235 2284 322 2320; x_wconf 83' lang='lat' dir='ltr'><strong>Lat.</strong></span> <span class='ocrx_word' id='word_1_264' title='bbox 331 2298 345 2329; x_wconf 90' lang='lat'><em>;</em></span> <span class='ocrx_word' id='word_1_265' title='bbox 370 2296 421 2320; x_wconf 81' lang='lat' dir='ltr'><strong>an</strong></span> <span class='ocrx_word' id='word_1_266' title='bbox 435 2285 512 2320; x_wconf 84' lang='lat' dir='ltr'><strong>*m.</strong></span> <span class='ocrx_word' id='word_1_267' title='bbox 538 2286 579 2319; x_wconf 86' lang='lat' dir='ltr'><strong>tu</strong></span> <span class='ocrx_word' id='word_1_268' title='bbox 606 2295 637 2319; x_wconf 90' lang='lat' dir='ltr'><strong>c.</strong></span> <span class='ocrx_word' id='word_1_269' title='bbox 664 2283 711 2329; x_wconf 67' lang='grc' dir='ltr'><strong>(ἓ)</strong></span> <span class='ocrx_word' id='word_1_270' title='bbox 731 2284 742 2330; x_wconf 92' lang='grc' dir='ltr'><strong>ΙΙ</strong></span> <span class='ocrx_word' id='word_1_271' title='bbox 762 2287 807 2319; x_wconf 86' lang='grc'><strong>23</strong></span> <span class='ocrx_word' id='word_1_272' title='bbox 832 2284 881 2319; x_wconf 86' lang='lat' dir='ltr'><strong>ad</strong></span> <span class='ocrx_word' id='word_1_273' title='bbox 905 2283 1062 2319; x_wconf 78' lang='lat' dir='ltr'><strong>fratrem</strong></span> <span class='ocrx_word' id='word_1_274' title='bbox 1087 2293 1154 2319; x_wconf 87' lang='lat' dir='ltr'><strong>om.</strong></span> <span class='ocrx_word' id='word_1_275' title='bbox 1181 2286 1208 2317; x_wconf 93' lang='grc' dir='ltr'><strong><em>Β</em></strong></span> <span class='ocrx_word' id='word_1_276' title='bbox 1228 2285 1239 2330; x_wconf 75' lang='grc' dir='ltr'><strong>ΙΙ</strong></span> <span class='ocrx_word' id='word_1_277' title='bbox 1259 2288 1304 2319; x_wconf 90' lang='grc'><strong>22</strong></span> <span class='ocrx_word' id='word_1_278' title='bbox 1330 2287 1409 2319; x_wconf 81' lang='lat' dir='ltr'><strong>tam</strong></span> 
     </span>
    </p>
   </div>
   <div class='ocr_carea' id='block_1_7' title="bbox 117 2331 1104 2378">
    <p class='ocr_par' dir='ltr' id='par_1_8' title="bbox 117 2331 1104 2378">
     <span class='ocr_line' id='line_1_35' title="bbox 117 2331 1104 2378; baseline 0.001 -12"><span class='ocrx_word' id='word_1_279' title='bbox 117 2331 235 2378; x_wconf 85' lang='lat' dir='ltr'><strong>ipsius</strong></span> <span class='ocrx_word' id='word_1_280' title='bbox 261 2333 318 2368; x_wconf 82' lang='lat' dir='ltr'><strong>est</strong></span> <span class='ocrx_word' id='word_1_281' title='bbox 341 2331 460 2368; x_wconf 83' lang='lat' dir='ltr'><strong>frater</strong></span> <span class='ocrx_word' id='word_1_282' title='bbox 484 2345 520 2378; x_wconf 90' lang='lat' dir='ltr'><strong>p.</strong></span> <span class='ocrx_word' id='word_1_283' title='bbox 547 2334 573 2365; x_wconf 93' lang='grc' dir='ltr'><strong><em>Β</em></strong></span> <span class='ocrx_word' id='word_1_284' title='bbox 593 2333 605 2378; x_wconf 80' lang='lat' dir='ltr'>ss</span> <span class='ocrx_word' id='word_1_285' title='bbox 624 2335 670 2367; x_wconf 84' lang='grc'><strong>25</strong></span> <span class='ocrx_word' id='word_1_286' title='bbox 696 2331 797 2375; x_wconf 89' lang='lat' dir='ltr'><strong>quod</strong></span> <span class='ocrx_word' id='word_1_287' title='bbox 823 2334 902 2375; x_wconf 83' lang='lat' dir='ltr'><strong>AB,</strong></span> <span class='ocrx_word' id='word_1_288' title='bbox 928 2342 1019 2368; x_wconf 82' lang='lat' dir='ltr'><strong>corr.</strong></span> <span class='ocrx_word' id='word_1_289' title='bbox 1045 2331 1104 2367; x_wconf 83' lang='lat' dir='ltr'><strong>Ro</strong></span> 
     </span>
    </p>
   </div>
  </div>
 </body>
</html>
