1586 2476
149 732 191 763 10

143 1022 186 1054 15

140 1603 183 1633 25

140 1893 184 1924 30

217 93 275 135 50
697 93 810 137 QUIN
816 94 997 130 TILIANI

217 202 264 241 ut
299 201 591 242 testimonium
633 215 718 244 non
761 201 813 243 ad
856 202 1081 245 arbitrium
1118 205 1345 256 parentum
1382 204 1476 246 red-

217 258 326 311 dere,
346 259 546 311 †immo†
565 258 750 311 suadere,
781 259 893 314 quod
914 260 1079 302 animus
1099 260 1332 303 dictaverit.
1364 262 1476 316 quod

217 317 253 358 si
290 316 389 358 licet
425 316 649 371 aliquando
686 318 815 359 etiam
852 320 1000 359 contra
1035 319 1170 372 patris
1210 319 1474 362 voluntatem

217 388 283 427 ea,
329 388 434 428 quae
484 374 642 429 alioqui
695 375 1066 429 reprehensionem
1114 390 1201 419 non
1249 380 1476 428 merentur,

214 431 302 474 filio
333 432 488 475 facere:
518 446 729 487 nusquam
753 436 899 475 tamen
923 434 1099 475 libertas
1117 436 1207 476 tam
1225 435 1476 490 necessaria,

215 504 343 544 quam
373 491 419 532 in
450 491 723 533 matrimonio
754 493 830 533 est.
879 494 922 533 et
950 491 1031 533 hoo
1057 491 1249 546 dicerem,
1279 492 1316 535 si
1345 507 1470 547 quae-

214 551 379 590 reretur
408 548 490 591 hoc
520 549 693 603 iudicio,
731 563 784 591 an
821 549 927 590 mihi
959 549 1102 604 aliqua
1130 549 1320 593 ducenda
1350 553 1475 593 esset.

215 619 293 661 ego
331 606 507 662 eligam,
543 620 637 648 cum
678 621 761 661 qua
783 607 978 649 vvicturus
1010 622 1121 663 sum3
1163 621 1242 664 ego
1274 609 1473 651 comitem

216 664 426 718 laborum,
463 664 812 719 sollicitudinum,
855 679 1051 707 curarum
1082 666 1171 720 ipse
1201 667 1474 721 perpendam.

218 723 312 776 quis
351 723 463 764 enim
500 737 642 764 amare
674 723 811 764 alieno
843 724 984 765 animo
1014 723 1188 777 potest?
1229 738 1341 766 nunc
1370 738 1473 766 vero

213 780 374 822 firmius
405 780 486 822 hoc
517 794 606 822 esse
638 783 762 835 atque
793 781 962 823 facilius
988 782 1148 836 coepit:
1186 796 1361 824 uxorem
1385 782 1472 824 iam

214 838 311 880 duxi
344 838 449 893 (non
479 838 573 880 dieo
599 839 748 894 quare)
774 853 868 881 meo
894 839 1091 894 impulsu,
1121 853 1216 881 mea
1240 840 1474 882 voluntate.

213 897 426 950 eripuerat
468 896 582 937 enim
625 900 668 938 te
705 897 812 938 mihi
855 897 1027 940 fortuna
1070 897 1324 952 dederatque
1365 897 1473 940 mihi

211 954 330 996 illam
361 955 562 996 miseram
592 954 848 996 libertatem.
904 955 1143 1009 Repudium
1172 956 1306 1010 igitur
1338 955 1470 1011 impe-

211 1026 281 1054 ras
326 1014 368 1054 et
405 1012 626 1066 copulatos
664 1013 750 1054 iam
793 1012 866 1054 diu
905 1013 1066 1055 diducis
1098 1013 1273 1055 animos.
1335 1027 1473 1068 neque

212 1070 324 1111 enim
369 1070 451 1112 hoc
498 1073 545 1112 tu
590 1071 863 1125 spectaveris,
914 1071 1023 1125 quod
1066 1086 1162 1113 eum
1203 1085 1333 1113 uxore
1377 1085 1472 1113 mea

210 1142 298 1170 non
334 1128 406 1170 diu
441 1128 541 1170 vixi.
601 1128 691 1170 sine
735 1128 863 1170 dubio
901 1128 1128 1170 secundum
1166 1129 1338 1183 nuptias
1376 1143 1471 1184 pro·

210 1185 346 1228 fectus
379 1201 484 1240 sum,
516 1187 715 1228 continuo
740 1201 806 1228 me
841 1187 1130 1241 peregrinatio
1166 1187 1345 1241 excepit:
1387 1189 1468 1240 [et]

210 1244 278 1286 vel
309 1244 389 1286 hoc
420 1245 514 1298 ipso
546 1244 731 1298 iniquius
758 1247 823 1286 est
847 1245 1063 1300 repudiari
1088 1259 1194 1300 eam,
1225 1259 1335 1300 quae
1359 1250 1472 1287 certe

140 1317 148 1327 ⁶
211 1316 296 1344 non
328 1302 471 1356 potuit
501 1302 724 1344 offendere.

299 1359 612 1402 Descendamus
659 1374 761 1402 sane
798 1360 850 1402 ad
886 1360 996 1402 hanc
1037 1374 1203 1415 quoque
1241 1361 1471 1403 necessita-

212 1421 312 1473 tem,
342 1421 392 1460 ut
420 1418 659 1472 imperante
690 1420 811 1472 patre
843 1419 973 1460 etiam
1003 1418 1226 1473 repudium
1255 1418 1369 1465 filius
1400 1419 1467 1460 de-

212 1476 313 1519 beat
342 1476 452 1530 pati:
497 1477 596 1530 quid
630 1476 680 1518 de
711 1476 823 1530 ipsa,
855 1491 982 1531 quam
1014 1476 1227 1530 repudiari
1257 1477 1340 1530 vis,
1372 1491 1469 1531 que·

210 1534 311 1576 rar?
362 1548 462 1576 sane
500 1537 622 1587 pater
659 1534 789 1575 fuerit
825 1534 1040 1576 inimicus:
1090 1549 1164 1576 cur
1200 1534 1306 1576 haec
1335 1548 1469 1576 nurus

213 1606 304 1634 esse
336 1591 521 1645 desinat,
559 1606 685 1645 quam
721 1591 830 1633 nihil
867 1606 1065 1646 peccasse
1095 1596 1142 1634 tu
1175 1606 1342 1647 quoque
1373 1606 1469 1634 con·

207 1650 360 1704 fiteris,
396 1650 475 1703 .qui
517 1649 723 1703 expellis?
785 1663 915 1704 negas
955 1650 1150 1692 idoneam
1190 1664 1281 1691 esse
1319 1651 1468 1692 matri·
1507 1681 1511 1683 -

206 1708 352 1750 monio
379 1721 473 1749 meo
492 1707 758 1761 locupletem.
791 1722 919 1762 quam
938 1722 1097 1762 vereor,
1115 1721 1168 1748 ne
1188 1707 1255 1749 cui
1274 1707 1470 1749 videatur

206 1768 329 1820 pater
367 1765 426 1807 sic
469 1766 664 1807 inimicus
703 1765 825 1806 diviti
863 1779 953 1807 esse
997 1765 1198 1819 coepisse.
1268 1766 1467 1819 non<ne>

208 1824 321 1865 enim
356 1824 530 1865 fortuna
566 1824 610 1865 in
648 1823 895 1864 utramlibet
930 1826 1098 1878 partem
1136 1823 1339 1865 intuenda
1371 1823 1467 1865 est?

211 1896 266 1923 an
304 1896 403 1924 vero
441 1881 554 1936 apud
585 1895 652 1922 me
683 1883 834 1923 noceat
864 1882 1049 1936 puellae,
1092 1881 1204 1936 quod
1234 1881 1350 1924 dives
1390 1885 1468 1935 est,

301 2012 317 2042 1
346 2008 419 2043 red.
446 2007 530 2042 ideo
557 2019 583 2042 s.
609 2011 651 2051 1²3
677 2007 721 2049 cf.
748 2007 834 2043 decl.
859 2009 932 2043 378
957 2008 970 2051 ΙΙ
995 2010 1015 2042 6
1041 2006 1370 2046 matrimonium
1395 2005 1464 2041 fu-

203 2054 296 2088 turi
321 2054 473 2090 mariti
499 2065 672 2099 semper
697 2053 870 2089 iudicio
895 2052 1245 2098 permittendum
1276 2055 1306 2088 A
1324 2053 1336 2097 ΙΙ
1364 2057 1383 2088 7
1408 2052 1463 2087 iu-

206 2100 342 2135 dicium
373 2101 443 2136 hac
473 2100 565 2135 mihi
595 2104 641 2143 A,
678 2099 854 2135 iudicium
879 2111 891 2134 1
917 2110 959 2135 ac
982 2099 1073 2134 mihi
1098 2102 1142 2142 B,
1179 2110 1267 2136 corr.
1297 2098 1348 2134 Pi
1377 2099 1389 2142 ΙΙ
1421 2102 1467 2133 10

204 2159 299 2182 nunc
325 2146 423 2182 enim
447 2147 470 2182 f.
497 2150 523 2180 B
555 2148 566 2191 ΙΙ
599 2151 639 2181 11
668 2145 750 2190 cepi
773 2148 799 2179 B
830 2147 842 2190 ΙΙ
876 2150 917 2182 17
944 2146 1007 2181 diu
1031 2157 1104 2182 non
1128 2148 1154 2180 B
1181 2147 1192 2191 ΙῙ
1221 2149 1263 2186 21
1291 2145 1467 2190 defendat-¹

204 2205 284 2228 mus
308 2195 334 2227 B
361 2195 371 2239 ΙΙ
398 2198 439 2230 23
466 2194 640 2238 queratur
663 2195 690 2226 B
716 2194 727 2237 ΙΙ
752 2196 795 2227 26
821 2195 960 2238 negant
983 2195 1052 2236 Aa,
1079 2194 1190 2237 negat
1213 2194 1323 2237 ΔΒΕ,
1349 2202 1463 2236 negas

203 2244 229 2274 P
248 2241 259 2284 ΙΙ
278 2243 322 2275 28
349 2241 446 2285 cepit
471 2243 531 2284 Ba,
557 2240 715 2284 cepisset
739 2241 788 2272 Bb
803 2242 828 2272 P
848 2240 859 2283 ΙΙ
878 2238 1072 2286 *non<ne>
