1560 2462
200 85 284 120 XIV
686 85 964 122 PRAEFATIO.

198 194 289 219 nam
331 181 606 220 bibliothecam
649 183 817 231 legimus
861 183 901 220 in
942 183 1088 222 Blumii
1125 185 1272 225 Itinere
1313 187 1451 228 Italico

200 240 431 298 (Gottingae
468 247 596 294 1834,
636 245 693 283 IV
723 259 760 294 p.
792 247 874 284 227
903 241 989 298 sq.).
1049 248 1133 286 Iam
1174 250 1273 288 illud
1314 251 1452 300 incipit

199 309 440 346 simillimum
470 309 554 347 veri
584 309 686 355 fieri,
718 308 968 360 Chigianum,
999 311 1046 348 de
1076 324 1151 360 quo
1183 325 1302 362 supra
1330 315 1452 354 locuti

200 384 344 422 sumus,
375 372 520 410 librum
552 371 593 419 O,
625 372 861 420 descriptum
892 385 976 411 esse
1007 386 1053 411 ex
1082 375 1150 412 illo
1176 374 1449 426 Campaniano,

199 435 307 473 cuius
351 436 559 473 manifesto
596 435 645 473 ab
683 435 826 473 eisdem
861 437 991 474 verbis
1016 437 1171 475 initium
1195 435 1323 492 fuist)
1371 441 1453 480 Nec

196 498 324 536 minus
345 499 388 547 B,
421 499 619 536 artissime
645 511 732 536 cum
753 498 781 536 C
808 500 1047 548 coniunctus,
1078 514 1198 550 prope
1222 504 1448 552 contingere

195 561 245 598 ad
274 562 372 599 illud
402 564 516 600 vetus
550 563 748 610 exemplar
779 562 941 600 videtur.
990 562 1100 608 Quod
1122 576 1218 602 cum
1246 564 1448 604 inventum

195 626 248 663 sit
277 626 317 662 in
348 625 568 674 Germania,
597 626 665 663 ubi
694 626 783 662 inde
815 626 864 663 ab
895 626 962 663 illo
993 627 1170 675 tempore
1200 628 1351 666 nullum
1382 630 1448 668 ha-

194 701 282 726 rum
319 689 643 727 declamationum
682 690 830 726 certum
867 690 1080 738 vestigium
1118 692 1197 739 est,
1233 692 1362 730 nescio
1398 704 1449 731 an

195 753 322 800 ipsum
355 752 474 789 fuerit
505 752 604 789 illud
624 752 832 801 Agricolae
862 755 999 790 notum
1030 756 1070 791 et
1101 753 1149 791 ab
1175 765 1220 791 eo
1245 754 1446 794 laudatum

195 815 402 863 exemplar.

280 878 464 916 Fortasse
502 877 605 915 idem
642 879 867 926 deperditus
906 879 1006 916 liber
1035 882 1275 918 memoratur
1305 883 1345 919 et
1381 882 1446 919 de-

194 941 377 980 scribitur
396 942 515 979 tertia
539 941 586 978 de
613 941 741 979 codice
767 941 1091 979 declamationum
1122 942 1227 980 facta
1250 944 1447 983 mentione

192 1005 241 1042 ab
267 1017 312 1043 eo
331 1005 397 1053 qui
415 1004 629 1052 principem
649 1005 858 1042 editionem
878 1006 1047 1054 curavit,
1072 1005 1256 1046 Thadaeo
1275 1007 1444 1056 Ugoleto

191 1068 405 1116 Parmensi,
425 1080 524 1106 anno
536 1069 659 1106 1494.
690 1067 763 1112 Qui
778 1068 818 1104 in
839 1068 1082 1116 praefatione
1099 1081 1208 1118 „cum
1222 1081 1295 1119 me,
1308 1070 1446 1120 inquit,

191 1143 440 1180 provocares,
471 1133 515 1169 ut
554 1131 605 1168 M.
642 1131 755 1168 Fabii
793 1130 1023 1175 Quintiliani
1061 1160 1070 1168 .
1104 1161 1112 1170 .
1144 1131 1444 1173 declamationes

192 1195 440 1232 emendarem
460 1224 468 1232 .
494 1223 503 1233 .
523 1196 592 1231 aut
612 1195 751 1232 saltem
777 1195 1077 1243 qualescumque
1098 1195 1202 1244 apud
1226 1208 1288 1233 me
1314 1201 1444 1236 essent

192 1257 492 1306 impressoribus
519 1258 692 1307 quotidie
718 1258 1026 1307 efflagitantibus
1046 1259 1252 1310 traderem,
1267 1290 1274 1297 .
1291 1290 1299 1297 .
1319 1260 1444 1300 inhoc

191 1333 309 1369 quam
339 1321 521 1358 lubenter
551 1320 747 1369 adquievi,
779 1320 820 1357 in
850 1321 974 1359 altero
1006 1322 1115 1359 enixe
1145 1321 1387 1371 repugnavi“
1404 1353 1413 1363 .
1433 1353 1442 1362 .

190 1387 246 1433 et,
277 1396 365 1422 cum
395 1385 521 1422 multa
551 1385 764 1433 depravata
795 1387 926 1422 essent
955 1386 1021 1434 „in
1046 1385 1107 1423 his
1132 1385 1242 1422 libris
1267 1387 1443 1437 corrosis,

282 1483 315 1525 *)
343 1486 408 1516 136
433 1482 584 1525 quidem
609 1483 814 1527 Campanus
839 1483 1124 1519 declamationes
1151 1484 1347 1527 memorat;
1378 1485 1442 1520 sed

187 1538 255 1562 nec
280 1528 487 1562 Parmensis
520 1529 632 1563 editio
665 1530 786 1572 plures
812 1529 1012 1574 promittit,
1043 1529 1221 1573 neglectis
1247 1529 1321 1564 illis
1347 1541 1440 1574 quae

187 1575 380 1618 praeterea
417 1574 580 1608 continet
612 1574 888 1609 declamationis
922 1579 1023 1610 137Μ
1053 1575 1125 1617 (no.
1152 1574 1235 1618 252)
1264 1575 1440 1620 reliquiis.

189 1619 294 1662 Quod
323 1621 447 1654 autem
478 1623 546 1655 360
571 1620 720 1664 plenum
750 1632 939 1656 numerum
971 1621 1082 1655 fuisse
1114 1620 1302 1655 contendit
1333 1623 1370 1656 et
1395 1622 1439 1658 de

187 1664 374 1701 Calfurnio
400 1666 548 1709 Flacco,
580 1677 653 1701 non
678 1666 890 1711 Calpurnio,
922 1667 1087 1711 loquitur
1118 1666 1149 1699 si
1173 1665 1255 1709 quis
1280 1667 1440 1703 voluerit

188 1712 226 1746 in
246 1712 502 1756 argumentum
522 1713 650 1747 contra
669 1723 734 1747 nos
754 1713 944 1757 adducere,
963 1713 1028 1751 illa
1048 1711 1182 1746 obicio:
1203 1712 1320 1747 videri
1335 1712 1440 1749 Cam-

185 1769 338 1803 panum,
374 1769 456 1792 cum
487 1769 677 1793 censuram
710 1770 813 1793 suam
845 1760 1095 1803 componeret,
1130 1756 1294 1793 codicem
1317 1758 1439 1804 ipsum

186 1815 260 1838 non
279 1814 401 1839 secum
422 1804 591 1839 habuisse
612 1805 676 1839 sed
695 1804 852 1840 scribere
873 1805 917 1839 de
936 1805 1035 1848 prius
1055 1803 1253 1848 aliquando
1272 1804 1438 1850 inspecto

187 1851 297 1894 atque
321 1850 500 1885 facillime
525 1851 579 1885 ita
603 1851 766 1895 potuisse
784 1851 874 1894 fieri,
901 1853 942 1885 ut
961 1862 1033 1886 non
1052 1850 1161 1885 modo
1181 1850 1312 1886 calami
1330 1851 1438 1896 lapsu

186 1896 251 1930 sed
287 1896 399 1931 etiam
436 1896 632 1932 memoriae
670 1907 790 1932 errore
824 1896 965 1940 aliquid
996 1897 1220 1941 peccaretur.
1276 1896 1435 1932 Senecae

185 1953 270 1977 vero
295 1942 615 1987 praetermittendi
640 1943 692 1978 eis
718 1942 781 1987 qui
805 1943 919 1978 libros
938 1943 966 1977 B
987 1946 1024 1978 et
1043 1942 1068 1977 C
1088 1941 1311 1986 scripserunt
1327 1943 1437 1988 plena

184 1988 279 2023 ratio
310 1988 399 2032 fuit,
431 1989 460 2023 si
491 1989 564 2023 iam
591 1991 700 2024 antea
723 1990 822 2024 illius
847 1989 916 2024 viri
939 1988 1210 2024 controversiae
1234 1987 1332 2033 typis
1356 1989 1435 2024 vul·

185 2035 294 2079 gatae
334 2036 454 2077 erant;
491 2035 590 2079 quod
620 2046 702 2070 cum
736 2035 918 2080 principes
950 2035 1128 2071 editiones
1156 2033 1230 2069 sint
1259 2044 1434 2070 annorum

189 2084 280 2115 1490
306 2082 344 2115 et
369 2084 477 2124 1492,
502 2081 807 2116 verisimillimum
832 2082 888 2116 est
913 2082 971 2126 (cf.
997 2093 1032 2126 p.
1058 2079 1193 2124 XV**).
1241 2079 1311 2115 Illa
1335 2080 1434 2116 deni-

184 2138 255 2171 que
294 2126 461 2162 ‘Antonii
491 2127 639 2162 Iuliani'
679 2129 717 2162 et
756 2127 1064 2172 ‘Extemporanea
1096 2125 1329 2170 Quintiliani,
1371 2137 1434 2162 no-

183 2173 340 2254 minabet
357 2172 487 2208 titulos
507 2173 645 2218 inanes,
672 2173 710 2208 in
729 2174 959 2219 transcriptis
978 2174 1081 2208 libris
1100 2171 1308 2216 desiderari,
1326 2182 1434 2208 nemo

183 2219 275 2254 mira
301 2219 386 2255 itur.
