1604 2488
519 95 947 133 DECLAMATIONES.
974 94 1158 134 CCXCIV.
1380 93 1467 137 165

698 251 940 297 GGXCIV.

356 335 500 380 Dives
531 334 824 391 proditionis
855 346 967 379 reus
999 335 1077 379 vir
1107 333 1275 379 fortis.

178 419 311 464 Dives
362 420 623 476 proditionis
674 422 900 463 accusatus
952 419 1127 462 fortiter
1170 419 1286 462 fecit.
1359 419 1470 475 petit

297 479 483 537 praemii
513 480 688 523 nomine
721 478 988 522 accusatoris
1020 483 1219 521 mortem.
1277 478 1351 521 ille
1381 493 1471 522 non

297 542 488 641 riecusat,
528 538 603 582 sed
639 539 854 595 postulat,
895 542 945 582 ut
990 541 1091 581 ante
1134 541 1368 594 peragatur
1404 539 1465 581 iu-
1492 548 1513 581 ὅ

331 613 473 642 icium.

706 668 940 713 SERMO.

268 753 512 796 Accusator
556 753 618 795 sic
657 766 785 809 agere
824 753 970 807 debet,
1008 755 1058 795 ut
1088 752 1368 795 manifestum
1402 753 1472 807 sit,

179 813 303 855 illum
327 814 500 855 tantum
526 812 590 854 rei
615 812 816 868 publicae
842 827 972 855 causa
996 813 1235 868 postulare3
1260 826 1350 855 non
1370 813 1473 868 quia

178 887 268 915 non
300 872 359 914 sit
388 871 500 914 illud
528 886 695 924 verum,
732 874 782 913 ut
820 872 856 914 si
888 871 1175 926 damnaverit,
1213 871 1352 914 vivat:
1392 871 1468 914 sed
1496 882 1541 913 10

176 931 278 988 quia
308 930 529 974 difficilius
554 931 868 986 impetraturus
899 933 976 986 est,
998 932 1034 973 si
1059 931 1309 973 intellectus
1336 930 1470 973 fuerit

178 989 301 1033 nullo
334 991 427 1033 iure
460 989 655 1032 adiuvari
686 1004 826 1046 posse.

594 1107 1050 1151 DECLAMATIO.

268 1189 314 1234 Si
339 1194 384 1234 te
408 1191 674 1246 proditorem
701 1194 856 1248 postea
880 1191 1101 1246 dixissem,
1128 1205 1258 1246 quam
1284 1193 1332 1234 tu
1356 1206 1471 1234 mor-

175 1254 265 1293 tem
302 1264 444 1293 meam
489 1254 706 1306 optasses,
744 1251 913 1293 viderer
944 1253 1091 1292 tamen
1124 1253 1167 1292 et
1197 1265 1287 1292 rem
1320 1250 1472 1293 utilem
1500 1262 1544 1293 15

177 1309 401 1366 postulare
448 1312 491 1352 et
535 1324 624 1352 non
669 1312 820 1353 contra
862 1310 1005 1366 legem
1048 1312 1170 1351 tuam
1215 1309 1472 1354 desiderare.

178 1368 283 1425 quid
314 1369 428 1411 enim
461 1369 655 1424 optasti?
699 1372 886 1411 mortem
919 1369 1196 1423 accusatoris,
1228 1369 1280 1411 de
1308 1384 1393 1425 qua
1418 1369 1473 1412 lis

178 1443 266 1471 non
299 1430 376 1471 est.
442 1427 554 1470 nihil
587 1430 676 1483 est,
721 1428 835 1484 quod
868 1428 922 1470 ad
952 1428 1195 1483 praemium
1227 1428 1474 1486 confugias3

177 1487 291 1530 nihil
323 1490 402 1542 est,
434 1487 550 1543 quod
580 1487 719 1530 utaris
752 1487 862 1544 legis
894 1490 995 1530 tuae
1020 1490 1259 1543 potestate:
1290 1502 1379 1531 non
1403 1503 1469 1530 re-

177 1561 299 1602 cuso,
339 1561 424 1602 quo
456 1547 598 1589 minus
631 1547 838 1602 accipias,
876 1546 1083 1602 quidquid
1116 1547 1295 1602 optasti.
1356 1547 1466 1589 nihil
1493 1558 1539 1590 20

174 1606 325 1661 petisti
373 1608 548 1661 praeter
591 1609 789 1649 mortem.
865 1604 911 1648 Si
950 1606 1106 1662 exigis,
1152 1608 1202 1648 ut
1242 1609 1469 1650 accusator

177 1665 327 1708 statim
360 1664 594 1721 occidatur,
628 1665 813 1708 alterum
843 1665 1087 1721 praemium
1111 1665 1240 1721 petis.
1291 1668 1338 1708 at
1362 1665 1470 1709 haec

175 1724 377 1767 voluntas
402 1724 488 1767 fuit
511 1727 614 1767 tuae
638 1724 895 1780 petitionis?
921 1724 1034 1767 nihil
1062 1725 1256 1780 interest,
1283 1725 1321 1768 si
1347 1725 1469 1768 illam

175 1784 251 1840 qui
295 1783 461 1826 dabant
503 1785 746 1839 praemium
791 1784 1125 1840 ignoraverunt:
1171 1787 1214 1827 et
1258 1784 1354 1827 ideo
1386 1785 1469 1827 tibi

171 1857 300 1886 nemo
333 1843 615 1899 contradixit,
661 1844 774 1900 quod
805 1843 1025 1886 videbaris
1067 1857 1278 1900 purgasse
1318 1847 1465 1887 contu·
1492 1855 1537 1886 25

274 1964 294 1995 2
327 1958 401 1995 viri
430 1959 540 1996 fortis
571 1959 781 2006 praemium
811 1963 856 2003 1²3
900 1959 1016 1996 Dives
1049 1960 1278 2006 proditionis
1303 1971 1400 1997 reus.
1426 1982 1474 1987 —-

171 2006 290 2042 VIRO
322 2006 470 2042 FORTI
501 2006 775 2043 PRAEMIUM.
826 2007 940 2043 Dives
973 2011 1036 2044 etc.
1070 2008 1151 2044 edd.
1186 2009 1247 2052 (cf.
1282 2012 1366 2052 147,
1386 2011 1409 2044 3
1442 2013 1475 2044 et

171 2057 257 2099 164,
278 2055 315 2100 7)
343 2056 355 2100 ΙΙ
382 2058 427 2090 10
451 2054 521 2090 illfi
547 2058 597 2100 A,
621 2054 731 2090 illum
755 2057 801 2099 Β,
827 2066 920 2092 corr.
947 2055 1024 2091 Aer
1043 2055 1054 2100 ΙΙ
1082 2060 1124 2090 11
1152 2055 1288 2092 ficilius
1314 2059 1385 2099 Aa,
1418 2056 1474 2091 di-

171 2101 308 2138 ficilius
333 2105 387 2136 Ab
420 2103 432 2147 ΙΙ
455 2101 521 2138 int.
550 2104 609 2138 est
632 2102 724 2138 null.
751 2105 826 2146 Aa,
864 2103 932 2139 int.
959 2104 1016 2139 est
1040 2103 1154 2139 fuerit
1178 2103 1270 2139 null.
1298 2106 1351 2138 Ab
1384 2105 1395 2149 ΙΙ
1429 2108 1471 2139 12

170 2149 252 2186 viro
276 2153 304 2184 1³
333 2151 345 2196 ΙΙ
378 2154 423 2185 14
447 2150 721 2196 prodigitorem
745 2152 800 2184 Aa
830 2151 843 2195 ΙΙ
876 2154 919 2186 15
946 2161 1024 2186 rem
1050 2150 1223 2186 inutilem
1249 2153 1276 2184 B
1306 2152 1319 2196 ΙΙ
1354 2156 1397 2187 18
1424 2152 1471 2186 ad

171 2207 236 2233 mn.
257 2199 285 2231 B
304 2198 381 2243 1122
406 2209 462 2243 pr.
490 2197 598 2243 pensi
624 2197 673 2233 ad
698 2198 735 2233 h.
761 2199 788 2231 B
809 2198 820 2243 ΙΙ
846 2201 891 2233 23
915 2197 1018 2234 nihic
1043 2198 1110 2234 int.
1137 2201 1208 2241 Aa,
1235 2199 1275 2234 ni
1300 2199 1367 2235 int.
1397 2202 1449 2232 Ab

171 2247 219 2280 25
249 2244 448 2281 videbatur
472 2247 555 2290 AB,
595 2255 687 2282 corr.
713 2245 785 2288 Ro,
827 2245 1028 2281 videbatur
1058 2257 1221 2292 purgare
1254 2245 1320 2293 <te
1345 2244 1473 2293 velle>

171 2291 270 2336 Aer;
295 2303 346 2328 an
371 2292 593 2329 *videbatur
618 2303 801 2339 purgasse
826 2291 920 2341 (te)
947 2293 997 2339 (?)
