1604 2488
387 90 814 128 DECLAMATIONES.
842 89 1082 127 COLXXVII.
1303 89 1388 132 129

98 204 192 245 tem
222 200 456 256 potiorem,
488 214 618 255 quam
650 202 890 257 egestatem
919 201 1092 254 putent,
1131 198 1288 254 quibus
1320 198 1394 241 de-

101 261 232 304 licate
264 259 456 302 educatis
489 259 563 315 (ex
594 260 762 302 deliciis
794 259 909 301 enim
937 258 1046 300 haec
1071 258 1249 300 licentia
1273 257 1393 300 facta

99 317 190 376 est)
217 318 508 362 intolerabilis
534 319 732 362 videatur
757 318 872 361 nuda
897 318 986 360 vita
1012 317 1092 359 illa
1117 319 1160 359 et
1180 317 1393 371 omnibus,

103 378 447 435 quibuscumque
482 381 610 421 antea
641 377 986 432 abundaverunt,
1028 376 1248 419 destituta.
1309 375 1395 419 hoc

100 437 238 494 igitur
263 440 331 480 est
363 437 612 480 credibilius
648 440 691 480 et
724 437 807 480 hoc
831 437 977 492 puella
1005 435 1142 478 voluit
1167 438 1211 477 et
1236 436 1283 477 in
1307 435 1390 478 hoc
1417 445 1437 477 5

106 500 366 552 perseverat.
438 514 450 517 ⁷*

193 555 252 598 Et
283 558 399 599 certe
429 556 543 599 nulli
573 555 800 598 tolerabile
831 557 908 598 aut
940 569 1125 610 aequum
1154 553 1291 596 videri
1317 567 1394 608 po-

100 617 208 669 test,
247 615 354 670 (nt)
391 616 436 658 in
467 615 725 671 gravissima
755 615 932 669 iniuria,
977 629 1060 669 qua
1093 613 1395 669 virginitatem

103 674 307 730 perdidit,
337 689 424 731 qua
454 675 604 717 florem
636 674 792 717 aetatis
825 674 989 729 amisit,
1029 688 1114 729 qua
1145 673 1286 728 prima
1317 672 1395 714 illa

94 733 249 790 “gratia
285 734 400 789 apud
438 735 643 777 maritum
679 734 825 776 futura
862 735 1095 789 praerepta
1133 735 1217 786 est,
1255 746 1395 787 neque
1420 743 1465 775 10

103 795 291 836 mortem
323 793 542 849 optaverit
572 807 711 848 neque
742 794 857 835 bona
889 792 1089 847 accipiat.

586 909 909 969 CCLXXVII.

477 981 752 1034 Pmegnans
784 980 1020 1024 adultera.

102 1062 354 1106 SUPPLIGIA
385 1075 758 1107 PRAEGNANTIUM
790 1077 840 1106 IN
871 1075 989 1106 DOEM
1019 1075 1195 1107 PARTUS
1230 1076 1393 1107 DIFFE-

221 1134 423 1166 RANTUR.
483 1123 803 1181 Praegnantem
834 1124 881 1166 in
914 1123 1127 1166 adulterio
1159 1123 1393 1180 deprehen·
1420 1135 1463 1166 15

225 1197 318 1225 sam
351 1182 510 1226 occidit
541 1183 744 1226 maritus:
776 1197 873 1225 reus
906 1185 974 1225 est
1006 1182 1159 1225 caedis.
1192 1181 1237 1227 G.
1270 1183 1322 1225 D.

521 1287 974 1332 DEGLAMATIO.

196 1369 306 1414 Cum
342 1386 442 1414 reus
480 1385 586 1428 agar
624 1371 784 1426 caedis,
827 1371 941 1414 nihil
980 1371 1137 1414 fortius
1175 1372 1397 1428 confiteor,

106 1445 238 1486 quam
275 1445 302 1472 a
332 1445 402 1473 me
434 1431 599 1473 occisos
637 1430 836 1473 homines
876 1433 935 1486 et,
974 1430 1012 1472 si
1050 1429 1154 1485 quid
1190 1445 1396 1474 numerus

106 1503 277 1546 quoque
309 1489 478 1532 adicere
509 1488 695 1531 invidiae
726 1492 887 1545 potest,
919 1489 1037 1531 duos.
1096 1504 1244 1531 verum
1279 1490 1396 1533 istud
1422 1501 1468 1533 20

104 1562 194 1591 non
224 1550 372 1604 potest
394 1548 531 1591 videri
557 1549 751 1603 saevitia,
782 1563 871 1591 non
904 1548 1151 1604 crudelitas,
1184 1564 1293 1605 quae
1318 1564 1396 1605 per

106 1607 226 1663 leges
258 1608 396 1651 venit:
428 1607 623 1650 occidere
655 1608 899 1650 adulterum
925 1608 1030 1650 licet
1062 1623 1160 1650 cum
1186 1608 1397 1652 adultera.

110 1681 161 1709 ex
194 1667 282 1709 alia
312 1669 436 1722 parte
467 1667 663 1709 nascitur
696 1667 820 1722 origo
851 1667 981 1709 huius
1014 1667 1268 1711 calumniae.

193 1725 557 1782 „Praegnantem,
607 1726 764 1782 inquit,
816 1726 1030 1782 occidisti,
1086 1729 1129 1768 et
1179 1727 1397 1782 supplicia

105 1786 438 1840 praegnantium
480 1785 552 1828 lex
590 1785 761 1827 differre
806 1786 853 1828 in
888 1786 1004 1828 diem
1042 1788 1193 1841 partus
1237 1786 1397 1829 iubet.“
1423 1796 1467 1828 25

105 1842 167 1886 Ut
197 1844 426 1896 confiterer
456 1844 538 1887 hoc
570 1859 663 1887 esse
696 1845 956 1900 supplicium
986 1848 1116 1901 atque
1142 1860 1192 1888 eo
1218 1846 1394 1889 nomine

107 1903 427 1959 appella-ndum,
458 1903 633 1946 fortiter
665 1906 812 1947 tamen
843 1904 1049 1959 dicerem,
1079 1904 1200 1960 leges
1234 1919 1396 1960 omnes,

106 1976 396 2019 quaecumque
428 1963 479 2005 de
507 1962 730 2018 suppliciis
758 1962 945 2018 scriptae
972 1966 1085 2018 sunt,
1118 1963 1172 2005 ad
1198 1978 1271 2006 eos
1299 1979 1395 2020 per-

105 2021 260 2076 tinere,
298 2022 371 2078 qui
409 2021 603 2064 damnati
641 2024 759 2075 sunt,
805 2022 879 2077 qui
917 2023 963 2064 in
1000 2022 1157 2065 iudicio
1197 2024 1396 2078 convicti,

202 2129 222 2160 2
250 2127 380 2162 sancta
404 2129 431 2160 B
462 2128 474 2171 ΙΙ
506 2131 526 2162 3
553 2125 621 2161 illa
646 2126 726 2161 vita
751 2128 778 2159 B
811 2128 823 2172 Ι]
854 2130 876 2161 4
902 2128 988 2162 ante
1014 2130 1068 2161 Aa
1091 2128 1104 2172 ΙΙ
1132 2130 1153 2162 8
1208 2127 1276 2175 ut>
1305 2127 1359 2163 Gr
1384 2128 1396 2174 ΙΙ

108 2172 196 2217 quia
218 2176 246 2207 B
265 2173 277 2219 ῃ
297 2177 317 2209 9
342 2185 378 2218 p.
393 2184 490 2219 quae
508 2174 534 2210 f.
554 2176 581 2207 B
601 2175 612 2220 ΙΙ
634 2177 677 2208 10
706 2181 747 2211 Ν
773 2176 804 2207 A
822 2173 834 2219 fl
855 2178 898 2209 13
923 2185 1108 2220 praegnas
1128 2178 1182 2209 Aa
1207 2176 1212 2220 Ι
1234 2179 1278 2210 14
1290 2185 1395 2220 prae·

107 2223 290 2265 guantum
314 2223 345 2255 A
372 2222 384 2267 {1
411 2225 454 2256 15
485 2221 731 2267 praegnatem
762 2221 948 2267 eodemque
972 2222 1076 2257 modo
1094 2226 1225 2267 postea
1247 2224 1398 2268 saepius

108 2269 138 2300 A
155 2268 168 2312 ΙΙ
189 2271 232 2302 16
259 2267 396 2304 Contra
422 2268 515 2304 dicit
538 2271 565 2302 B
584 2268 596 2313 ss
618 2270 660 2302 18
687 2279 779 2314 agor
803 2271 830 2302 B
849 2269 862 2314 ΙΙ
883 2273 925 2304 19
953 2268 1103 2314 quidem
1130 2272 1156 2303 Β

179 2332 365 2364 Quintiliani
385 2334 469 2367 deci,
489 2334 535 2361 ed.
556 2334 664 2360 Ritter.
1161 2332 1180 2363 9
