1586 2476
154 722 196 754 10

152 1012 194 1044 15

151 1302 195 1333 20

149 1695 193 1726 25

151 1985 195 2016 30

224 82 281 124 48
704 83 820 126 QUIN
823 85 1002 122 TILIANI

311 189 483 244 Imputo
514 190 602 232 filio
628 204 766 232 meam
791 191 1033 234 orbitatem.
1063 194 1352 248 respondebit:
1371 209 1483 249 „non

225 262 304 303 ego
338 246 505 290 occidi.“
554 248 659 291 scio:
690 263 785 290 mea
816 264 946 291 manu
976 251 1135 293 factum
1167 255 1248 307 est3
1280 253 1370 306 ipse
1403 267 1480 308 ego

223 309 362 359 pater,
394 306 465 360 qui
502 319 749 361 genueram,
780 308 852 362 qui
883 308 1174 364 educaveram,
1215 324 1292 366 per
1321 310 1482 352 viscera

223 363 455 405 liberorum
490 364 650 406 ferrum
682 366 813 420 exegi.
874 366 996 408 credo
1030 366 1142 408 enim
1171 367 1270 422 tibi,
1301 371 1343 410 et
1374 369 1483 410 orbi-

223 423 358 462 tatem
387 423 531 463 tamen
561 423 640 464 tibi
668 423 850 477 imput03
882 424 964 465 tibi
990 425 1168 467 aestimo
1192 425 1315 468 illam
1339 440 1391 468 ex
1416 426 1482 468 die

223 479 306 520 mei
333 479 508 522 doloris:
534 481 740 534 quaedam
765 482 962 535 ignorare
988 483 1126 524 simile
1149 497 1235 526 non
1257 484 1374 538 passi
1399 487 1480 537 est3

222 539 322 579 tunc
353 537 509 579 liberos
533 538 708 593 perdidi,
739 553 834 580 cum
858 540 1091 593 perdidisse
1115 555 1183 582 me
1209 542 1332 584 sensi.
1375 544 1480 597 esto,

222 609 397 649 gravem
428 596 520 638 sine
551 596 678 638 dubio
711 597 908 639 manibus
940 599 1046 640 meis
1076 599 1276 641 iniuriam
1305 599 1476 642 fortuna

221 653 396 708 fecerat3
439 658 641 708 posuerat
683 657 829 696 tamen
864 656 989 697 huius
1027 658 1088 698 rei
1126 657 1172 698 in
1210 657 1303 711 ipso
1335 658 1476 699 animo

219 711 453 754 remedium
484 712 560 754 illo
591 715 793 766 tempore,
824 728 907 768 quo
939 714 1077 756 furere
1103 717 1145 756 et
1170 715 1240 768 agi
1265 714 1477 758 dementia

222 768 406 811 videbar.
436 769 698 824 frequentius
730 771 775 812 in
803 785 852 812 ea
877 772 1134 826 cogitatione
1161 787 1288 827 eram,
1318 775 1366 815 ut
1389 787 1479 815 cre-

221 826 364 869 derem
406 841 497 869 esse
537 842 631 869 cum
667 828 812 870 liberis
851 829 1057 872 omnibus.
1118 830 1335 872 abstulisti
1371 831 1477 872 mihi

219 884 509 939 ignorantiam
546 884 764 928 malorum.
825 891 982 940 quanto
1020 888 1304 931 miserabilior
1333 888 1396 930 fui
1428 903 1480 930 ex

221 942 287 983 die
312 957 430 984 meae
450 944 668 986 sanitatis!
694 944 899 986 furiosum
926 960 992 988 me
1017 961 1106 988 non
1130 946 1190 987 sic
1215 945 1362 1000 cecidi3
1388 948 1480 988 tum

220 1000 406 1042 lacerare
443 1004 600 1054 vestes,
638 1004 731 1043 tum
767 1003 990 1045 verberare
1027 1004 1170 1045 vultus
1202 1018 1317 1045 meos
1349 1004 1480 1058 coepi.

220 1059 363 1100 omnia
393 1059 526 1114 igitur
555 1060 660 1102 haec
690 1075 777 1102 non
807 1061 850 1102 in
881 1061 1011 1102 aliam
1041 1062 1125 1103 vim
1154 1061 1290 1116 accipi
1313 1061 1480 1116 debent,

220 1131 347 1170 quam
386 1117 421 1158 si
458 1117 570 1159 filios
601 1132 718 1159 meos
749 1118 840 1172 ipse
872 1119 1115 1173 occidisses,
1157 1133 1284 1173 quam
1315 1120 1353 1161 si
1383 1119 1476 1174 ipse

220 1174 480 1217 abstulisses.
517 1175 628 1217 unde
655 1178 821 1217 tantum
846 1177 960 1230 boni,
990 1179 1038 1218 ut
1062 1177 1235 1219 reddere
1260 1177 1401 1232 possis
1426 1177 1475 1218 il-

221 1232 309 1274 lam
340 1233 638 1285 valetudinem,
668 1234 788 1275 illum
818 1235 1033 1276 furorem?
1327 1273 1331 1275 μ

309 1290 429 1339 Quod
459 1306 589 1333 unum
619 1306 794 1346 possum
824 1295 1042 1346 praestare
1066 1292 1368 1335 infelicissimis
1393 1292 1479 1334 illis

219 1347 442 1391 iuvenibus
480 1350 604 1404 meis,
648 1350 894 1404 praestabo:
936 1365 988 1392 ne
1026 1351 1119 1405 quis
1158 1365 1303 1392 eorum
1342 1353 1480 1393 morte

219 1407 414 1461 gaudeat,
445 1422 499 1450 ne
530 1408 598 1450 cui
629 1409 775 1462 prosit,
806 1408 917 1462 quod
948 1408 1061 1451 filios
1093 1422 1210 1451 meos
1242 1408 1388 1451 occidi.

739 1521 954 1566 COLVII.

428 1603 624 1657 Nuptiae
649 1603 776 1665 inter
807 1604 1110 1647 inimicorum
1140 1605 1281 1648 filios.

221 1684 300 1734 Qui
342 1684 529 1726 habebat
560 1684 694 1726 filium
725 1688 767 1726 et
798 1685 973 1727 divitem
1004 1686 1238 1740 inimicum,
1276 1689 1423 1740 captus
1455 1701 1479 1728 a

337 1742 489 1796 piratis
522 1743 692 1796 scripsit
722 1743 811 1784 filio
843 1743 893 1785 de
923 1743 1225 1798 redemptione.
1279 1743 1352 1785 ille
1384 1758 1479 1786 cum

336 1800 559 1854 pecuniam
596 1815 679 1842 non
717 1801 913 1854 haberet,
952 1801 1153 1843 offerente
1184 1801 1315 1843 divite
1345 1801 1479 1843 filiam

337 1873 474 1910 suam,
513 1858 631 1900 duxit
669 1872 761 1900 eam
798 1859 843 1900 in
881 1859 1199 1901 matrimonium
1230 1862 1272 1900 et
1302 1860 1479 1914 pecunia

338 1917 484 1970 (eius)
526 1916 704 1958 redemit
734 1920 912 1971 patrem.
967 1931 1159 1959 reversus
1191 1917 1263 1959 ille
1295 1918 1478 1972 imperat

339 1977 387 2016 ut
419 1975 624 2029 dimittat3
655 1975 871 2016 nolentem
905 1975 1084 2017 abdicat.

314 2093 332 2122 1
359 2099 440 2124 meo
466 2092 541 2133 AB,
567 2099 658 2124 corr.
668 2089 727 2124 Ro
745 2090 756 2133 {l
776 2093 796 2124 2
816 2100 926 2124 manu
950 2088 970 2131 ,Ι
992 2090 1114 2124 actum
1133 2092 1160 2122 B
1179 2090 1190 2134 ss
1210 2093 1230 2123 6
1256 2089 1312 2123 est
1335 2088 1367 2123 is
1391 2090 1478 2124 tunc

218 2137 244 2167 B
263 2137 274 2179 ΙΙ
297 2139 338 2170 10
365 2146 401 2169 m
426 2136 466 2170 in
490 2146 601 2180 mary.
628 2138 658 2168 Δ
683 2137 695 2180 ΙΙ
723 2140 761 2170 11
790 2135 1017 2180 gogitatione
1041 2138 1141 2169 B-P
1165 2137 1176 2180 ΙΙ
1203 2139 1243 2169 13
1270 2134 1478 2179 ignorantia

218 2182 419 2275 Ξ<ἓίὲ88>ιιῒ
443 2192 507 2218 om.
533 2185 559 2215 P
589 2184 600 2225 Η
634 2186 675 2217 19
700 2181 943 2217 valitudinem
969 2184 1030 2215 AB
1062 2184 1073 2226 Η
1105 2186 1147 2216 26
1174 2180 1313 2226 piratas
1338 2184 1368 2215 Δ
1397 2182 1408 2226 ss
1434 2185 1477 2216 29
