1604 2488
390 119 820 157 DECLAMATIONES.
847 118 1054 156 CCLXXII.
1289 120 1310 160 1
1318 118 1340 160 l
1347 118 1373 160 3

84 230 294 286 quantum
324 230 375 271 tu
406 229 540 272 adicis
565 229 631 271 illi
662 229 814 284 animi,
846 228 961 284 quod
992 228 1150 270 times?
1184 228 1258 270 sed
1290 227 1375 270 for-

83 290 198 333 sitan
235 291 280 331 et
317 288 605 332 incautiorem
635 288 759 331 illum
789 288 923 331 faciat
952 288 1060 330 haec
1084 287 1181 343 ipsa
1205 287 1374 330 fiducia.

81 347 196 391 Illud
229 348 334 404 scio,
364 347 534 391 favebit
570 348 784 404 pugnanti
821 347 929 390 mihi
953 347 1160 403 populus;
1194 347 1282 390 scio
1308 347 1374 389 fu·

80 410 241 463 turum,
272 410 322 450 ut
352 407 413 450 dii
445 408 714 450 immortales
741 409 860 450 stent
883 421 963 463 pro
988 421 1086 449 mea
1104 410 1241 463 parte.
1288 421 1376 449 non

81 467 202 510 solus
233 467 343 509 mihi
375 469 492 510 stare
516 467 711 510 videbor:
742 467 912 510 habebo
938 466 985 509 'm
1010 466 1264 509 commilitio
1290 465 1374 508 fra·
1402 478 1422 509 5

81 529 200 569 trum
231 541 428 569 meorum
461 527 639 570 animas.
699 527 737 569 si
768 526 871 582 quid
903 530 970 569 est
1001 526 1047 568 in
1079 526 1224 568 animo
1256 540 1375 581 prae-

82 586 207 642 sagii,
239 586 276 628 si
309 586 414 642 quid
446 586 491 628 in
523 589 667 629 mente
698 586 807 643 ipsa,
845 586 975 641 spe[i]
1009 585 1207 640 concipio
1239 586 1374 627 victo-

79 645 208 688 riam:
239 660 377 701 neque
404 645 577 688 aliunde
607 646 714 690 haec
739 646 980 701 pertinacia
1006 645 1137 688 venit.
1168 659 1256 688 non
1281 659 1375 700 pre-

83 705 204 747 cibus
235 705 336 760 tuis,
368 719 456 748 non
488 705 619 748 minis
651 708 828 748 terreor.

170 764 347 820 Alioqui
385 765 487 820 quid
532 766 627 821 agis
667 764 908 808 abdicando
947 777 1034 819 me,
1080 764 1165 806 nisi
1202 766 1251 806 ut
1287 778 1376 806 non
1404 776 1445 807 10

81 837 275 879 pugnem
315 824 523 867 incolumi
562 839 708 867 rerum
749 839 944 867 mearum
977 823 1123 866 statu?
1168 823 1374 879 cogitabo

81 882 133 924 de
164 883 361 939 victoria,
393 884 597 939 cogitabo
630 884 682 927 de
714 884 918 926 vindicta.
969 883 1007 925 si
1040 897 1141 925 vero
1168 898 1267 926 cum
1291 883 1374 925 hac

82 956 152 985 me
177 942 360 985 infamia
385 942 584 998 dimittis,
610 943 698 986 iam
724 958 838 986 nunc
865 943 978 986 dico:
1001 957 1123 985 arma
1143 942 1374 985 dimittam.

582 1084 866 1130 CCLXXII.

486 1166 665 1211 Orbata
695 1167 962 1223 proditrix.
1402 1180 1446 1212 15

79 1251 169 1302 Qm
211 1262 431 1296 CONSILIA
475 1263 676 1295 PUBLICA
722 1253 1157 1307 <E>NUNT1AVER1T‚
1207 1263 1374 1294 CAPITE

197 1323 446 1354 PumA‘run.
507 1312 577 1354 'Ad
619 1312 914 1368 colligendum
945 1311 1026 1354 filii
1058 1326 1215 1367 eorpus
1248 1315 1375 1354 nocte

199 1371 414 1426 processit
454 1373 603 1413 mater.
665 1372 978 1427 comprehensa
1010 1370 1064 1413 ab
1097 1370 1299 1413 hostibus
1332 1374 1376 1413 et

199 1432 319 1472 torta
343 1430 549 1472 indicavit
575 1431 736 1473 auxilia
760 1431 920 1473 venire.
972 1430 1127 1486 quibus
1155 1430 1375 1486 oppressis

198 1489 251 1531 de
289 1489 475 1531 vinculis
508 1489 660 1545 effugit
691 1493 734 1532 et
765 1490 984 1533 nuntiavit
1015 1490 1259 1532 cuniculum
1292 1491 1375 1546 agi.
1402 1502 1448 1533 20

201 1548 420 1604 oppressis
457 1548 659 1592 hostibus
699 1564 772 1592 rea
810 1553 895 1604 est,
935 1549 1049 1605 quod
1082 1549 1266 1592 consilia
1297 1565 1374 1605 pu-

202 1608 315 1651 blica
347 1607 706 1663 <e>nuntiaverit.
758 1608 803 1652 O.
835 1608 887 1651 D.

616 1726 850 1771 SERMO.

167 1809 319 1853 Potior
350 1810 395 1852 in
425 1810 508 1854 hac
541 1825 671 1854 causa
703 1811 1018 1867 controversia,
1050 1826 1180 1867 quam
1211 1812 1264 1854 lis
1298 1814 1375 1855 est.

77 1869 132 1912 lis
164 1869 281 1913 enim
313 1870 427 1913 circa
457 1885 591 1914 unum
623 1870 790 1913 factum
822 1873 1038 1913 versatur:
1074 1871 1117 1912 in
1152 1886 1238 1927 qua
1270 1871 1374 1914 illae
1402 1882 1446 1914 25

79 1932 183 1972 sunt
213 1929 502 1986 quaestiones,
533 1945 588 1973 an
618 1930 703 1972 hoc
736 1930 962 1972 enuntiare
994 1930 1080 1973 sit?
1114 1946 1167 1972 an
1198 1931 1372 1973 etiamsi

77 1988 161 2032 hoc
182 1992 248 2031 est
267 1989 502 2044 enuntiare,
523 1989 718 2045 quisquis
739 1990 995 2044 enuntiavit,
1020 1990 1261 2045 puniendus
1284 1990 1372 2032 sit?

79 2062 135 2091 an
165 2048 272 2091 haec
303 2048 539 2104 punienda,
578 2049 692 2104 quod
724 2049 1045 2091 enuntiaverit?
1096 2052 1240 2092 cetera
1271 2064 1373 2092 vero

176 2181 195 2212 1
221 2178 264 2213 tu
289 2177 382 2214 dicis
408 2181 435 2212 Β
461 2179 473 2223 ΙΙ
497 2182 518 2213 2
545 2177 670 2224 illum]
697 2177 808 2232 illudi
832 2181 863 2212 A
890 2179 902 2223 ΙΙ
930 2177 1046 2214 faciet
1070 2182 1093 2212 G
1112 2179 1124 2223 ΙΙ
1150 2182 1172 2213 4
1198 2178 1252 2214 dii
1275 2178 1370 2214 mihi

78 2225 189 2260 mort.
213 2227 313 2272 3115
340 2225 616 2262 commilitio
641 2229 671 2259 A
690 2228 702 2272 ss
722 2230 741 2261 7
768 2225 862 2271 ipsa,
889 2226 1005 2272 spe[i]
1033 2225 1091 2261 Ro
1110 2227 1122 2272 ΙΙ
1144 2230 1188 2262 16
1201 2225 1371 2282 <e>nun-

83 2271 236 2308 tiaverit
261 2273 316 2308 Gr
333 2275 346 2319 ΙΙ
367 2277 410 2308 19
435 2273 616 2309 inducant
642 2276 695 2307 Aa.
719 2275 732 2319 ΙΙ
756 2277 800 2309 22
827 2273 1135 2328 <e>nuntiaverit
1161 2273 1216 2309 Gr
1234 2275 1246 2320 ΙΙ
1266 2274 1320 2320 23
1326 2278 1372 2308 24

81 2317 209 2354 Sermo
235 2317 272 2356 O.
299 2320 342 2356 D.
369 2323 396 2354 B
423 2322 435 2366 ΙΙ
460 2325 507 2356 24
532 2320 598 2356 lis
625 2323 655 2354 A
673 2321 685 2365 ΙΙ
705 2325 748 2356 27
777 2321 992 2357 renuntiare
1019 2324 1049 2355 A
1068 2322 1079 2365 ΙΙ
1099 2325 1144 2356 28
1172 2323 1371 2357 ceteraeB

154 2383 444 2419 Quintiliaiaendl,
463 2386 632 2412 matt
1139 2383 1159 2414 8
