<?xml version="1.0" encoding="UTF-8"?>
<!DOCTYPE html PUBLIC "-//W3C//DTD XHTML 1.0 Transitional//EN"
    "http://www.w3.org/TR/xhtml1/DTD/xhtml1-transitional.dtd">
<html xmlns="http://www.w3.org/1999/xhtml" xml:lang="en" lang="en">
 <head>
  <title>
</title>
<meta http-equiv="Content-Type" content="text/html;charset=utf-8" />
  <meta name='ocr-system' content='tesseract 3.04.00' />
  <meta name='ocr-capabilities' content='ocr_page ocr_carea ocr_par ocr_line ocrx_word'/>
</head>
<body>
  <div class='ocr_page' id='page_1' title='image "./declamationesqua00quinuoft_0011.png"; bbox 0 0 1560 2462; ppageno 0'>
   <div class='ocr_carea' id='block_1_1' title="bbox 623 124 1415 160">
    <p class='ocr_par' dir='ltr' id='par_1_1' title="bbox 623 124 1415 160">
     <span class='ocr_line' id='line_1_1' title="bbox 623 124 1415 160; baseline 0 0"><span class='ocrx_word' id='word_1_1' title='bbox 623 124 914 160; x_wconf 84' lang='lat' dir='ltr'><strong>PRAEFATIO.</strong></span> <span class='ocrx_word' id='word_1_2' title='bbox 1344 124 1415 160; x_wconf 85' lang='lat' dir='ltr'>VII</span> 
     </span>
    </p>
   </div>
   <div class='ocr_carea' id='block_1_2' title="bbox 114 225 1414 1710">
    <p class='ocr_par' dir='ltr' id='par_1_2' title="bbox 117 225 1414 1191">
     <span class='ocr_line' id='line_1_2' title="bbox 123 225 1414 277; baseline -0.002 -11"><span class='ocrx_word' id='word_1_3' title='bbox 123 227 232 267; x_wconf 87' lang='lat' dir='ltr'>tione</span> <span class='ocrx_word' id='word_1_4' title='bbox 258 225 472 266; x_wconf 82' lang='lat' dir='ltr'>temeraria</span> <span class='ocrx_word' id='word_1_5' title='bbox 495 238 662 275; x_wconf 88' lang='lat' dir='ltr'>prorsus</span> <span class='ocrx_word' id='word_1_6' title='bbox 681 226 863 276; x_wconf 80' lang='lat' dir='ltr'>apparet3</span> <span class='ocrx_word' id='word_1_7' title='bbox 894 225 1021 264; x_wconf 87' lang='lat' dir='ltr'>veluti</span> <span class='ocrx_word' id='word_1_8' title='bbox 1044 227 1140 277; x_wconf 88' lang='lat'>189,</span> <span class='ocrx_word' id='word_1_9' title='bbox 1166 227 1217 265; x_wconf 89' lang='lat'>19</span> <span class='ocrx_word' id='word_1_10' title='bbox 1234 238 1291 276; x_wconf 87' lang='lat' dir='ltr'>sq.</span> <span class='ocrx_word' id='word_1_11' title='bbox 1319 225 1414 265; x_wconf 84' lang='lat' dir='ltr'>scri-</span> 
     </span>
     <span class='ocr_line' id='line_1_3' title="bbox 122 290 1414 342; baseline 0 -12"><span class='ocrx_word' id='word_1_12' title='bbox 122 291 200 331; x_wconf 89' lang='lat' dir='ltr'>bit:</span> <span class='ocrx_word' id='word_1_13' title='bbox 232 303 336 342; x_wconf 87' lang='lat' dir='ltr'>„non</span> <span class='ocrx_word' id='word_1_14' title='bbox 366 291 535 340; x_wconf 86' lang='lat' dir='ltr'>apparui</span> <span class='ocrx_word' id='word_1_15' title='bbox 566 291 600 329; x_wconf 89' lang='lat' dir='ltr'>ti</span> <span class='ocrx_word' id='word_1_16' title='bbox 622 290 854 330; x_wconf 87' lang='lat' dir='ltr'>biancillam</span> <span class='ocrx_word' id='word_1_17' title='bbox 879 303 960 330; x_wconf 90' lang='lat' dir='ltr'>non</span> <span class='ocrx_word' id='word_1_18' title='bbox 985 303 1073 330; x_wconf 86' lang='lat' dir='ltr'>esse</span> <span class='ocrx_word' id='word_1_19' title='bbox 1098 303 1177 331; x_wconf 89' lang='lat' dir='ltr'>non</span> <span class='ocrx_word' id='word_1_20' title='bbox 1204 293 1414 342; x_wconf 75' lang='lat' dir='ltr'><strong>tamquam</strong></span> 
     </span>
     <span class='ocr_line' id='line_1_4' title="bbox 123 352 1412 407; baseline 0 -12"><span class='ocrx_word' id='word_1_21' title='bbox 123 356 296 396; x_wconf 86' lang='lat' dir='ltr'>liberare</span> <span class='ocrx_word' id='word_1_22' title='bbox 331 352 565 407; x_wconf 84' lang='lat' dir='ltr'>pugnavit.“</span> <span class='ocrx_word' id='word_1_23' title='bbox 628 355 867 406; x_wconf 83' lang='lat' dir='ltr'><strong>Saepissime</strong></span> <span class='ocrx_word' id='word_1_24' title='bbox 902 368 1042 395; x_wconf 85' lang='lat' dir='ltr'>vocem</span> <span class='ocrx_word' id='word_1_25' title='bbox 1072 369 1194 395; x_wconf 89' lang='lat' dir='ltr'>unam</span> <span class='ocrx_word' id='word_1_26' title='bbox 1225 357 1290 395; x_wconf 89' lang='lat' dir='ltr'>vel</span> <span class='ocrx_word' id='word_1_27' title='bbox 1321 357 1412 407; x_wconf 91' lang='lat' dir='ltr'>plu-</span> 
     </span>
     <span class='ocr_line' id='line_1_5' title="bbox 124 420 1413 471; baseline 0 -11"><span class='ocrx_word' id='word_1_28' title='bbox 124 434 187 461; x_wconf 82' lang='lat' dir='ltr'>res</span> <span class='ocrx_word' id='word_1_29' title='bbox 227 420 493 471; x_wconf 73' lang='lat' dir='ltr'>praeterierat</span> <span class='ocrx_word' id='word_1_30' title='bbox 524 433 623 471; x_wconf 86' lang='lat' dir='ltr'>quas</span> <span class='ocrx_word' id='word_1_31' title='bbox 654 423 796 471; x_wconf 86' lang='lat' dir='ltr'>postea</span> <span class='ocrx_word' id='word_1_32' title='bbox 826 421 868 459; x_wconf 90' lang='lat' dir='ltr'>in</span> <span class='ocrx_word' id='word_1_33' title='bbox 899 422 1035 461; x_wconf 88' lang='lat' dir='ltr'>vacuis</span> <span class='ocrx_word' id='word_1_34' title='bbox 1068 434 1259 461; x_wconf 85' lang='lat' dir='ltr'>versuum</span> <span class='ocrx_word' id='word_1_35' title='bbox 1291 422 1413 461; x_wconf 89' lang='lat' dir='ltr'>inter-</span> 
     </span>
     <span class='ocr_line' id='line_1_6' title="bbox 123 486 1411 539; baseline -0.001 -13"><span class='ocrx_word' id='word_1_36' title='bbox 123 487 240 527; x_wconf 82' lang='lat' dir='ltr'>vallis</span> <span class='ocrx_word' id='word_1_37' title='bbox 270 487 336 526; x_wconf 87' lang='lat' dir='ltr'>vel</span> <span class='ocrx_word' id='word_1_38' title='bbox 366 487 408 525; x_wconf 91' lang='lat' dir='ltr'>in</span> <span class='ocrx_word' id='word_1_39' title='bbox 438 486 622 537; x_wconf 78' lang='lat' dir='ltr'><strong>margine</strong></span> <span class='ocrx_word' id='word_1_40' title='bbox 654 486 874 538; x_wconf 75' lang='lat' dir='ltr'>supplevit3</span> <span class='ocrx_word' id='word_1_41' title='bbox 914 487 1057 536; x_wconf 88' lang='lat' dir='ltr'>semel,</span> <span class='ocrx_word' id='word_1_42' title='bbox 1091 487 1166 539; x_wconf 53' lang='lat' dir='ltr'>fol„</span> <span class='ocrx_word' id='word_1_43' title='bbox 1194 488 1250 526; x_wconf 83' lang='lat'>24</span> <span class='ocrx_word' id='word_1_44' title='bbox 1281 499 1411 532; x_wconf 86' lang='lat' dir='ltr'>verso,</span> 
     </span>
     <span class='ocr_line' id='line_1_7' title="bbox 124 551 1411 602; baseline 0 -12"><span class='ocrx_word' id='word_1_45' title='bbox 124 551 331 591; x_wconf 90' lang='lat' dir='ltr'>dimidium</span> <span class='ocrx_word' id='word_1_46' title='bbox 379 552 551 602; x_wconf 84' lang='lat' dir='ltr'>paginae</span> <span class='ocrx_word' id='word_1_47' title='bbox 601 552 644 590; x_wconf 91' lang='lat' dir='ltr'>in</span> <span class='ocrx_word' id='word_1_48' title='bbox 691 552 823 592; x_wconf 89' lang='lat' dir='ltr'>medio</span> <span class='ocrx_word' id='word_1_49' title='bbox 874 553 1176 593; x_wconf 70' lang='lat' dir='ltr'>declamationis</span> <span class='ocrx_word' id='word_1_50' title='bbox 1223 554 1411 592; x_wconf 85' lang='lat' dir='ltr'>contextu</span> 
     </span>
     <span class='ocr_line' id='line_1_8' title="bbox 122 612 1412 671; baseline -0.001 -14"><span class='ocrx_word' id='word_1_51' title='bbox 122 618 339 667; x_wconf 77' lang='lat' dir='ltr'>transiluit,</span> <span class='ocrx_word' id='word_1_52' title='bbox 370 617 494 656; x_wconf 89' lang='lat' dir='ltr'>verba</span> <span class='ocrx_word' id='word_1_53' title='bbox 519 612 574 670; x_wconf 88' lang='lat' dir='ltr'>(p.</span> <span class='ocrx_word' id='word_1_54' title='bbox 599 619 694 667; x_wconf 89' lang='lat'>115,</span> <span class='ocrx_word' id='word_1_55' title='bbox 718 620 935 669; x_wconf 84' lang='grc'>17-117,</span> <span class='ocrx_word' id='word_1_56' title='bbox 959 613 1032 671; x_wconf 89' lang='grc'>10)</span> <span class='ocrx_word' id='word_1_57' title='bbox 1059 616 1212 669; x_wconf 85' lang='lat' dir='ltr'>„[quis]</span> <span class='ocrx_word' id='word_1_58' title='bbox 1238 618 1412 658; x_wconf 83' lang='lat' dir='ltr'>miratur</span> 
     </span>
     <span class='ocr_line' id='line_1_9' title="bbox 125 680 1411 734; baseline 0.001 -14"><span class='ocrx_word' id='word_1_59' title='bbox 125 701 177 709; x_wconf 79' lang='lat'>--</span> <span class='ocrx_word' id='word_1_60' title='bbox 211 695 291 721; x_wconf 90' lang='lat' dir='ltr'>non</span> <span class='ocrx_word' id='word_1_61' title='bbox 329 680 537 734; x_wconf 85' lang='lat' dir='ltr'>solverit,“</span> <span class='ocrx_word' id='word_1_62' title='bbox 572 682 715 733; x_wconf 87' lang='lat' dir='ltr'>quibus</span> <span class='ocrx_word' id='word_1_63' title='bbox 753 684 796 722; x_wconf 89' lang='lat' dir='ltr'>in</span> <span class='ocrx_word' id='word_1_64' title='bbox 831 683 909 723; x_wconf 90' lang='lat' dir='ltr'>fine</span> <span class='ocrx_word' id='word_1_65' title='bbox 946 685 1038 734; x_wconf 89' lang='lat' dir='ltr'>post</span> <span class='ocrx_word' id='word_1_66' title='bbox 1072 683 1170 723; x_wconf 88' lang='lat' dir='ltr'>decl.</span> <span class='ocrx_word' id='word_1_67' title='bbox 1205 683 1289 723; x_wconf 88' lang='grc'>388</span> <span class='ocrx_word' id='word_1_68' title='bbox 1322 695 1411 732; x_wconf 88' lang='lat' dir='ltr'>pro-</span> 
     </span>
     <span class='ocr_line' id='line_1_10' title="bbox 121 743 1411 800; baseline 0 -14"><span class='ocrx_word' id='word_1_69' title='bbox 121 748 255 798; x_wconf 88' lang='lat' dir='ltr'>prium</span> <span class='ocrx_word' id='word_1_70' title='bbox 286 748 466 793; x_wconf 77' lang='lat' dir='ltr'>foliolum</span> <span class='ocrx_word' id='word_1_71' title='bbox 500 743 598 800; x_wconf 85' lang='lat'>(88)</span> <span class='ocrx_word' id='word_1_72' title='bbox 629 748 750 799; x_wconf 82' lang='lat' dir='ltr'>dedit,</span> <span class='ocrx_word' id='word_1_73' title='bbox 782 748 888 799; x_wconf 87' lang='lat' dir='ltr'>quod</span> <span class='ocrx_word' id='word_1_74' title='bbox 923 750 1109 798; x_wconf 89' lang='lat' dir='ltr'>repetens</span> <span class='ocrx_word' id='word_1_75' title='bbox 1141 748 1322 798; x_wconf 84' lang='lat' dir='ltr'>proxima</span> <span class='ocrx_word' id='word_1_76' title='bbox 1352 748 1411 786; x_wconf 88' lang='lat' dir='ltr'>in-</span> 
     </span>
     <span class='ocr_line' id='line_1_11' title="bbox 121 810 1409 863; baseline -0.002 -11"><span class='ocrx_word' id='word_1_77' title='bbox 121 813 218 863; x_wconf 81' lang='lat' dir='ltr'>cipit</span> <span class='ocrx_word' id='word_1_78' title='bbox 249 813 323 851; x_wconf 88' lang='lat' dir='ltr'>ita:</span> <span class='ocrx_word' id='word_1_79' title='bbox 356 813 467 863; x_wconf 86' lang='lat' dir='ltr'>„quis</span> <span class='ocrx_word' id='word_1_80' title='bbox 499 813 605 853; x_wconf 89' lang='lat' dir='ltr'>hunc</span> <span class='ocrx_word' id='word_1_81' title='bbox 636 815 678 852; x_wconf 90' lang='lat' dir='ltr'>in</span> <span class='ocrx_word' id='word_1_82' title='bbox 702 816 832 854; x_wconf 87' lang='lat' dir='ltr'>matre</span> <span class='ocrx_word' id='word_1_83' title='bbox 858 813 947 863; x_wconf 88' lang='lat' dir='ltr'>quis</span> <span class='ocrx_word' id='word_1_84' title='bbox 972 813 1144 852; x_wconf 88' lang='lat' dir='ltr'>miratur</span> <span class='ocrx_word' id='word_1_85' title='bbox 1169 810 1409 852; x_wconf 81' lang='lat' dir='ltr'>adfectum.“</span> 
     </span>
     <span class='ocr_line' id='line_1_12' title="bbox 121 877 1410 928; baseline 0.002 -12"><span class='ocrx_word' id='word_1_86' title='bbox 121 878 171 916; x_wconf 90' lang='lat' dir='ltr'>In</span> <span class='ocrx_word' id='word_1_87' title='bbox 201 878 383 928; x_wconf 82' lang='lat' dir='ltr'>margine</span> <span class='ocrx_word' id='word_1_88' title='bbox 413 878 501 918; x_wconf 83' lang='lat' dir='ltr'>folii</span> <span class='ocrx_word' id='word_1_89' title='bbox 528 880 583 918; x_wconf 84' lang='lat'>24</span> <span class='ocrx_word' id='word_1_90' title='bbox 615 879 723 919; x_wconf 86' lang='lat' dir='ltr'>versi</span> <span class='ocrx_word' id='word_1_91' title='bbox 749 879 888 921; x_wconf 84' lang='lat' dir='ltr'>eadem</span> <span class='ocrx_word' id='word_1_92' title='bbox 912 890 1034 916; x_wconf 88' lang='lat' dir='ltr'>manu</span> <span class='ocrx_word' id='word_1_93' title='bbox 1061 877 1278 928; x_wconf 86' lang='lat' dir='ltr'>eodemque</span> <span class='ocrx_word' id='word_1_94' title='bbox 1305 880 1410 918; x_wconf 87' lang='lat' dir='ltr'>atra—</span> 
     </span>
     <span class='ocr_line' id='line_1_13' title="bbox 119 942 1408 994; baseline -0.001 -11"><span class='ocrx_word' id='word_1_95' title='bbox 119 945 254 983; x_wconf 86' lang='lat' dir='ltr'>mento</span> <span class='ocrx_word' id='word_1_96' title='bbox 295 942 539 993; x_wconf 75' lang='lat' dir='ltr'>adscriptum</span> <span class='ocrx_word' id='word_1_97' title='bbox 579 944 680 982; x_wconf 90' lang='lat' dir='ltr'>illud</span> <span class='ocrx_word' id='word_1_98' title='bbox 713 947 784 992; x_wconf 83' lang='grc' dir='ltr'>,,Ύ“.</span> <span class='ocrx_word' id='word_1_99' title='bbox 823 944 982 994; x_wconf 86' lang='lat' dir='ltr'>require</span> <span class='ocrx_word' id='word_1_100' title='bbox 1020 943 1063 982; x_wconf 89' lang='lat' dir='ltr'>in</span> <span class='ocrx_word' id='word_1_101' title='bbox 1093 943 1213 982; x_wconf 89' lang='lat' dir='ltr'>finem</span> <span class='ocrx_word' id='word_1_102' title='bbox 1245 944 1318 982; x_wconf 85' lang='lat' dir='ltr'>sub</span> <span class='ocrx_word' id='word_1_103' title='bbox 1351 946 1408 982; x_wconf 83' lang='lat' dir='ltr'>ta-</span> 
     </span>
     <span class='ocr_line' id='line_1_14' title="bbox 118 1001 1408 1061; baseline 0.002 -15"><span class='ocrx_word' id='word_1_104' title='bbox 118 1008 200 1046; x_wconf 88' lang='lat' dir='ltr'>lino</span> <span class='ocrx_word' id='word_1_105' title='bbox 243 1001 319 1058; x_wconf 90' lang='lat'>(=</span> <span class='ocrx_word' id='word_1_106' title='bbox 351 1006 426 1049; x_wconf 81' lang='lat' dir='ltr'>tali</span> <span class='ocrx_word' id='word_1_107' title='bbox 462 1006 604 1059; x_wconf 80' lang='lat' dir='ltr'>nota?)</span> <span class='ocrx_word' id='word_1_108' title='bbox 644 1009 702 1061; x_wconf 61' lang='lat' dir='ltr'>{gt</span> <span class='ocrx_word' id='word_1_109' title='bbox 721 1006 757 1049; x_wconf 87' lang='lat'>.“</span> <span class='ocrx_word' id='word_1_110' title='bbox 819 1009 1056 1048; x_wconf 85' lang='lat' dir='ltr'>Manserunt</span> <span class='ocrx_word' id='word_1_111' title='bbox 1098 1009 1285 1058; x_wconf 83' lang='lat' dir='ltr'>lacunae,</span> <span class='ocrx_word' id='word_1_112' title='bbox 1330 1021 1408 1048; x_wconf 87' lang='lat' dir='ltr'>non</span> 
     </span>
     <span class='ocr_line' id='line_1_15' title="bbox 117 1073 1406 1125; baseline 0.002 -14"><span class='ocrx_word' id='word_1_113' title='bbox 117 1073 271 1122; x_wconf 86' lang='lat' dir='ltr'>nullae,</span> <span class='ocrx_word' id='word_1_114' title='bbox 311 1085 482 1123; x_wconf 86' lang='lat' dir='ltr'>quarum</span> <span class='ocrx_word' id='word_1_115' title='bbox 522 1074 736 1125; x_wconf 86' lang='lat' dir='ltr'>quaedam,</span> <span class='ocrx_word' id='word_1_116' title='bbox 780 1074 892 1114; x_wconf 87' lang='lat' dir='ltr'>velut</span> <span class='ocrx_word' id='word_1_117' title='bbox 929 1087 966 1123; x_wconf 93' lang='lat' dir='ltr'>p.</span> <span class='ocrx_word' id='word_1_118' title='bbox 1001 1074 1103 1121; x_wconf 83' lang='lat'>235,</span> <span class='ocrx_word' id='word_1_119' title='bbox 1141 1075 1214 1123; x_wconf 82' lang='lat'>293</span> <span class='ocrx_word' id='word_1_120' title='bbox 1250 1075 1353 1123; x_wconf 84' lang='lat'>238,</span> <span class='ocrx_word' id='word_1_121' title='bbox 1381 1075 1406 1113; x_wconf 82' lang='lat'>8</span> 
     </span>
     <span class='ocr_line' id='line_1_16' title="bbox 122 1134 1120 1191; baseline 0 -13"><span class='ocrx_word' id='word_1_122' title='bbox 122 1139 348 1178; x_wconf 84' lang='lat' dir='ltr'>ceterorum</span> <span class='ocrx_word' id='word_1_123' title='bbox 377 1137 571 1176; x_wconf 84' lang='lat' dir='ltr'>librorum</span> <span class='ocrx_word' id='word_1_124' title='bbox 603 1151 677 1190; x_wconf 88' lang='lat' dir='ltr'>ope</span> <span class='ocrx_word' id='word_1_125' title='bbox 709 1141 880 1189; x_wconf 84' lang='lat' dir='ltr'>possunt</span> <span class='ocrx_word' id='word_1_126' title='bbox 911 1134 1120 1191; x_wconf 76' lang='lat' dir='ltr'>expleri.*)</span> 
     </span>
    </p>

    <p class='ocr_par' dir='ltr' id='par_1_3' title="bbox 114 1203 1409 1710">
     <span class='ocr_line' id='line_1_17' title="bbox 205 1203 1409 1255; baseline 0.002 -13"><span class='ocrx_word' id='word_1_127' title='bbox 205 1203 342 1242; x_wconf 85' lang='lat' dir='ltr'>Etiam</span> <span class='ocrx_word' id='word_1_128' title='bbox 360 1203 503 1242; x_wconf 91' lang='lat' dir='ltr'>literae</span> <span class='ocrx_word' id='word_1_129' title='bbox 522 1204 737 1244; x_wconf 86' lang='lat' dir='ltr'>verborum</span> <span class='ocrx_word' id='word_1_130' title='bbox 759 1204 986 1255; x_wconf 83' lang='lat' dir='ltr'>singulares</span> <span class='ocrx_word' id='word_1_131' title='bbox 1012 1204 1077 1243; x_wconf 89' lang='lat' dir='ltr'>vel</span> <span class='ocrx_word' id='word_1_132' title='bbox 1102 1204 1238 1254; x_wconf 88' lang='lat' dir='ltr'>plures</span> <span class='ocrx_word' id='word_1_133' title='bbox 1260 1206 1409 1255; x_wconf 86' lang='lat' dir='ltr'>saepis-</span> 
     </span>
     <span class='ocr_line' id='line_1_18' title="bbox 118 1268 1408 1319; baseline 0.002 -13"><span class='ocrx_word' id='word_1_134' title='bbox 118 1268 218 1307; x_wconf 86' lang='lat' dir='ltr'>sime</span> <span class='ocrx_word' id='word_1_135' title='bbox 248 1270 450 1308; x_wconf 77' lang='lat' dir='ltr'>correctae</span> <span class='ocrx_word' id='word_1_136' title='bbox 474 1269 742 1319; x_wconf 89' lang='lat' dir='ltr'>reperiuntur.</span> <span class='ocrx_word' id='word_1_137' title='bbox 793 1269 899 1316; x_wconf 81' lang='lat' dir='ltr'>Quas</span> <span class='ocrx_word' id='word_1_138' title='bbox 927 1281 1063 1308; x_wconf 90' lang='lat' dir='ltr'>omnes</span> <span class='ocrx_word' id='word_1_139' title='bbox 1090 1272 1339 1309; x_wconf 86' lang='lat' dir='ltr'>correcturas</span> <span class='ocrx_word' id='word_1_140' title='bbox 1367 1273 1408 1309; x_wconf 83' lang='lat' dir='ltr'>et</span> 
     </span>
     <span class='ocr_line' id='line_1_19' title="bbox 119 1333 1408 1385; baseline 0.002 -13"><span class='ocrx_word' id='word_1_141' title='bbox 119 1334 398 1383; x_wconf 86' lang='lat' dir='ltr'>supplementa</span> <span class='ocrx_word' id='word_1_142' title='bbox 424 1333 498 1373; x_wconf 89' lang='lat' dir='ltr'>sub</span> <span class='ocrx_word' id='word_1_143' title='bbox 518 1333 589 1372; x_wconf 89' lang='lat' dir='ltr'>Ab</span> <span class='ocrx_word' id='word_1_144' title='bbox 616 1335 731 1385; x_wconf 87' lang='lat' dir='ltr'>signo</span> <span class='ocrx_word' id='word_1_145' title='bbox 759 1334 1053 1384; x_wconf 87' lang='lat' dir='ltr'>comprehendi,</span> <span class='ocrx_word' id='word_1_146' title='bbox 1080 1335 1195 1385; x_wconf 86' lang='lat' dir='ltr'>signo</span> <span class='ocrx_word' id='word_1_147' title='bbox 1216 1335 1284 1374; x_wconf 89' lang='lat' dir='ltr'>Aa</span> <span class='ocrx_word' id='word_1_148' title='bbox 1303 1336 1408 1385; x_wconf 87' lang='lat' dir='ltr'>prio-</span> 
     </span>
     <span class='ocr_line' id='line_1_20' title="bbox 118 1397 1407 1448; baseline 0.002 -12"><span class='ocrx_word' id='word_1_149' title='bbox 118 1410 204 1437; x_wconf 85' lang='lat' dir='ltr'>rem</span> <span class='ocrx_word' id='word_1_150' title='bbox 255 1397 400 1437; x_wconf 85' lang='lat' dir='ltr'>codicis</span> <span class='ocrx_word' id='word_1_151' title='bbox 457 1399 698 1448; x_wconf 86' lang='lat' dir='ltr'>scripturam</span> <span class='ocrx_word' id='word_1_152' title='bbox 741 1399 890 1439; x_wconf 87' lang='lat' dir='ltr'>notavi.</span> <span class='ocrx_word' id='word_1_153' title='bbox 952 1399 1228 1438; x_wconf 83' lang='lat' dir='ltr'>Recentiorem</span> <span class='ocrx_word' id='word_1_154' title='bbox 1271 1401 1407 1438; x_wconf 90' lang='lat' dir='ltr'>tamen</span> 
     </span>
     <span class='ocr_line' id='line_1_21' title="bbox 115 1462 1407 1516; baseline 0.001 -14"><span class='ocrx_word' id='word_1_155' title='bbox 115 1462 241 1513; x_wconf 80' lang='lat' dir='ltr'>illam,</span> <span class='ocrx_word' id='word_1_156' title='bbox 272 1475 393 1513; x_wconf 80' lang='lat' dir='ltr'>quam</span> <span class='ocrx_word' id='word_1_157' title='bbox 425 1462 468 1500; x_wconf 89' lang='lat' dir='ltr'>in</span> <span class='ocrx_word' id='word_1_158' title='bbox 493 1462 642 1502; x_wconf 86' lang='lat' dir='ltr'>Seneca</span> <span class='ocrx_word' id='word_1_159' title='bbox 665 1463 888 1503; x_wconf 81' lang='lat' dir='ltr'>Bur-sianus</span> <span class='ocrx_word' id='word_1_160' title='bbox 915 1464 1098 1514; x_wconf 87' lang='lat' dir='ltr'>dignovit</span> <span class='ocrx_word' id='word_1_161' title='bbox 1122 1476 1296 1516; x_wconf 88' lang='lat' dir='ltr'>manum,</span> <span class='ocrx_word' id='word_1_162' title='bbox 1327 1477 1407 1504; x_wconf 86' lang='lat' dir='ltr'>non</span> 
     </span>
     <span class='ocr_line' id='line_1_22' title="bbox 115 1526 1404 1579; baseline 0.003 -13"><span class='ocrx_word' id='word_1_163' title='bbox 115 1527 275 1567; x_wconf 80' lang='lat' dir='ltr'>invenio</span> <span class='ocrx_word' id='word_1_164' title='bbox 305 1527 347 1570; x_wconf 82' lang='lat' dir='ltr'>in</span> <span class='ocrx_word' id='word_1_165' title='bbox 373 1526 667 1578; x_wconf 85' lang='lat' dir='ltr'>Quintilianeis‚</span> <span class='ocrx_word' id='word_1_166' title='bbox 698 1529 775 1568; x_wconf 88' lang='lat' dir='ltr'>nisi</span> <span class='ocrx_word' id='word_1_167' title='bbox 806 1529 912 1579; x_wconf 87' lang='lat' dir='ltr'>quod</span> <span class='ocrx_word' id='word_1_168' title='bbox 943 1530 985 1567; x_wconf 92' lang='lat' dir='ltr'>in</span> <span class='ocrx_word' id='word_1_169' title='bbox 1013 1541 1110 1578; x_wconf 82' lang='lat' dir='ltr'>voce</span> <span class='ocrx_word' id='word_1_170' title='bbox 1135 1528 1404 1570; x_wconf 84' lang='lat' dir='ltr'>adulescentis</span> 
     </span>
     <span class='ocr_line' id='line_1_23' title="bbox 114 1593 1405 1646; baseline 0.003 -15"><span class='ocrx_word' id='word_1_171' title='bbox 114 1605 187 1643; x_wconf 88' lang='lat' dir='ltr'>per</span> <span class='ocrx_word' id='word_1_172' title='bbox 218 1604 375 1631; x_wconf 90' lang='lat' dir='ltr'>omnem</span> <span class='ocrx_word' id='word_1_173' title='bbox 404 1604 530 1642; x_wconf 89' lang='lat' dir='ltr'>paene</span> <span class='ocrx_word' id='word_1_174' title='bbox 567 1593 714 1641; x_wconf 84' lang='lat' dir='ltr'>librum</span> <span class='ocrx_word' id='word_1_175' title='bbox 745 1596 968 1643; x_wconf 70' lang='lat' dir='ltr'>correctum</span> <span class='ocrx_word' id='word_1_176' title='bbox 995 1595 1058 1634; x_wconf 84' lang='lat' dir='ltr'>est</span> <span class='ocrx_word' id='word_1_177' title='bbox 1082 1608 1109 1632; x_wconf 92' lang='lat' dir='ltr'>u</span> <span class='ocrx_word' id='word_1_178' title='bbox 1140 1596 1181 1633; x_wconf 90' lang='lat' dir='ltr'>et</span> <span class='ocrx_word' id='word_1_179' title='bbox 1211 1595 1272 1634; x_wconf 90' lang='lat' dir='ltr'>illi</span> <span class='ocrx_word' id='word_1_180' title='bbox 1299 1597 1405 1646; x_wconf 89' lang='lat' dir='ltr'>quod</span> 
     </span>
     <span class='ocr_line' id='line_1_24' title="bbox 114 1657 1404 1710; baseline 0.002 -12"><span class='ocrx_word' id='word_1_181' title='bbox 114 1658 228 1708; x_wconf 74' lang='lat' dir='ltr'>prins</span> <span class='ocrx_word' id='word_1_182' title='bbox 266 1657 461 1707; x_wconf 89' lang='lat' dir='ltr'>scriptum</span> <span class='ocrx_word' id='word_1_183' title='bbox 497 1658 632 1703; x_wconf 81' lang='lat' dir='ltr'>fuerat</span> <span class='ocrx_word' id='word_1_184' title='bbox 670 1672 692 1698; x_wconf 95' lang='lat' dir='ltr'>o</span> <span class='ocrx_word' id='word_1_185' title='bbox 731 1660 1047 1710; x_wconf 77' lang='lat' dir='ltr'>superscriptum</span> <span class='ocrx_word' id='word_1_186' title='bbox 1091 1662 1152 1701; x_wconf 86' lang='lat' dir='ltr'>est</span> <span class='ocrx_word' id='word_1_187' title='bbox 1194 1661 1404 1710; x_wconf 83' lang='lat' dir='ltr'>pallidiore</span> 
     </span>
    </p>
   </div>
   <div class='ocr_carea' id='block_1_3' title="bbox 114 1750 255 1755">
    <p class='ocr_par' dir='ltr' id='par_1_4' title="bbox 114 1750 255 1755">
     <span class='ocr_line' id='line_1_25' title="bbox 114 1750 255 1755; baseline 0 0"><span class='ocrx_word' id='word_1_188' title='bbox 114 1750 255 1755; x_wconf 95' lang='lat' dir='ltr'> </span> 
     </span>
    </p>
   </div>
   <div class='ocr_carea' id='block_1_4' title="bbox 259 1749 399 1755">
    <p class='ocr_par' dir='ltr' id='par_1_5' title="bbox 259 1749 399 1755">
     <span class='ocr_line' id='line_1_26' title="bbox 259 1749 399 1755; baseline 0 0"><span class='ocrx_word' id='word_1_189' title='bbox 259 1749 399 1755; x_wconf 95' lang='lat' dir='ltr'> </span> 
     </span>
    </p>
   </div>
   <div class='ocr_carea' id='block_1_5' title="bbox 109 1798 1403 2367">
    <p class='ocr_par' dir='ltr' id='par_1_6' title="bbox 109 1798 1403 2367">
     <span class='ocr_line' id='line_1_27' title="bbox 207 1798 1403 1850; baseline 0.004 -16"><span class='ocrx_word' id='word_1_190' title='bbox 207 1799 243 1846; x_wconf 73' lang='lat'>²¹⁸)</span> <span class='ocrx_word' id='word_1_191' title='bbox 269 1798 506 1844; x_wconf 80' lang='lat' dir='ltr'>Aliquotiens</span> <span class='ocrx_word' id='word_1_192' title='bbox 531 1801 647 1837; x_wconf 84' lang='lat' dir='ltr'>etiam</span> <span class='ocrx_word' id='word_1_193' title='bbox 671 1801 767 1838; x_wconf 88' lang='lat' dir='ltr'>illud</span> <span class='ocrx_word' id='word_1_194' title='bbox 792 1802 946 1839; x_wconf 83' lang='lat' dir='ltr'>librario</span> <span class='ocrx_word' id='word_1_195' title='bbox 967 1803 1115 1848; x_wconf 85' lang='lat' dir='ltr'>accidit,</span> <span class='ocrx_word' id='word_1_196' title='bbox 1140 1803 1184 1847; x_wconf 77' lang='lat' dir='ltr'>ut</span> <span class='ocrx_word' id='word_1_197' title='bbox 1202 1803 1403 1850; x_wconf 87' lang='lat' dir='ltr'>propinqui</span> 
     </span>
     <span class='ocr_line' id='line_1_28' title="bbox 113 1847 1401 1896; baseline 0.002 -12"><span class='ocrx_word' id='word_1_198' title='bbox 113 1847 271 1884; x_wconf 79' lang='lat' dir='ltr'>alicuius</span> <span class='ocrx_word' id='word_1_199' title='bbox 308 1847 485 1884; x_wconf 82' lang='lat' dir='ltr'>vocabuli</span> <span class='ocrx_word' id='word_1_200' title='bbox 522 1848 584 1885; x_wconf 86' lang='lat' dir='ltr'>vel</span> <span class='ocrx_word' id='word_1_201' title='bbox 618 1860 708 1885; x_wconf 83' lang='lat' dir='ltr'>sono</span> <span class='ocrx_word' id='word_1_202' title='bbox 744 1852 876 1896; x_wconf 81' lang='lat' dir='ltr'>captus</span> <span class='ocrx_word' id='word_1_203' title='bbox 908 1851 971 1886; x_wconf 88' lang='lat' dir='ltr'>vel</span> <span class='ocrx_word' id='word_1_204' title='bbox 1002 1850 1123 1886; x_wconf 84' lang='lat' dir='ltr'>literis</span> <span class='ocrx_word' id='word_1_205' title='bbox 1155 1851 1401 1896; x_wconf 80' lang='lat' dir='ltr'>praestrictus</span> 
     </span>
     <span class='ocr_line' id='line_1_29' title="bbox 112 1893 1402 1944; baseline 0.004 -15"><span class='ocrx_word' id='word_1_206' title='bbox 112 1895 316 1930; x_wconf 86' lang='lat' dir='ltr'>mutaverit</span> <span class='ocrx_word' id='word_1_207' title='bbox 347 1893 476 1940; x_wconf 89' lang='lat' dir='ltr'>aliqua</span> <span class='ocrx_word' id='word_1_208' title='bbox 507 1896 546 1931; x_wconf 87' lang='lat' dir='ltr'>et</span> <span class='ocrx_word' id='word_1_209' title='bbox 577 1894 819 1934; x_wconf 78' lang='lat' dir='ltr'>assimilando</span> <span class='ocrx_word' id='word_1_210' title='bbox 845 1897 1062 1944; x_wconf 84' lang='lat' dir='ltr'>corruperit.</span> <span class='ocrx_word' id='word_1_211' title='bbox 1107 1895 1290 1944; x_wconf 81' lang='lat' dir='ltr'>Exempla</span> <span class='ocrx_word' id='word_1_212' title='bbox 1315 1900 1402 1934; x_wconf 87' lang='lat' dir='ltr'>sunt</span> 
     </span>
     <span class='ocr_line' id='line_1_30' title="bbox 109 1942 1402 1990; baseline 0.004 -13"><span class='ocrx_word' id='word_1_213' title='bbox 109 1942 197 1978; x_wconf 84' lang='lat' dir='ltr'>illa:</span> <span class='ocrx_word' id='word_1_214' title='bbox 218 1946 299 1987; x_wconf 76' lang='lat'>336,</span> <span class='ocrx_word' id='word_1_215' title='bbox 321 1945 365 1978; x_wconf 90' lang='grc'>10</span> <span class='ocrx_word' id='word_1_216' title='bbox 380 1954 435 1988; x_wconf 82' lang='lat' dir='ltr'>eq.</span> <span class='ocrx_word' id='word_1_217' title='bbox 458 1943 624 1979; x_wconf 78' lang='lat' dir='ltr'>sufficit?</span> <span class='ocrx_word' id='word_1_218' title='bbox 661 1945 918 1989; x_wconf 73' lang='lat' dir='ltr'>sufficientes,</span> <span class='ocrx_word' id='word_1_219' title='bbox 945 1949 1027 1990; x_wconf 85' lang='lat'>352,</span> <span class='ocrx_word' id='word_1_220' title='bbox 1047 1948 1092 1981; x_wconf 82' lang='lat'>28</span> <span class='ocrx_word' id='word_1_221' title='bbox 1114 1945 1402 1982; x_wconf 82' lang='lat' dir='ltr'>advocationis</span> 
     </span>
     <span class='ocr_line' id='line_1_31' title="bbox 113 1989 1402 2036; baseline 0.003 -10"><span class='ocrx_word' id='word_1_222' title='bbox 113 1989 351 2034; x_wconf 78' lang='lat' dir='ltr'>advocamus,</span> <span class='ocrx_word' id='word_1_223' title='bbox 383 1994 463 2035; x_wconf 86' lang='lat'>389,</span> <span class='ocrx_word' id='word_1_224' title='bbox 484 1993 529 2026; x_wconf 82' lang='lat'>28</span> <span class='ocrx_word' id='word_1_225' title='bbox 555 1991 710 2028; x_wconf 83' lang='lat' dir='ltr'>factum</span> <span class='ocrx_word' id='word_1_226' title='bbox 734 1993 878 2033; x_wconf 81' lang='lat' dir='ltr'>iuvenis</span> <span class='ocrx_word' id='word_1_227' title='bbox 906 1993 1105 2029; x_wconf 83' lang='lat' dir='ltr'>adfectum.</span> <span class='ocrx_word' id='word_1_228' title='bbox 1159 1992 1261 2036; x_wconf 84' lang='lat' dir='ltr'>Quae</span> <span class='ocrx_word' id='word_1_229' title='bbox 1287 1994 1402 2030; x_wconf 83' lang='lat' dir='ltr'>verba</span> 
     </span>
     <span class='ocr_line' id='line_1_32' title="bbox 111 2037 1400 2086; baseline 0.002 -13"><span class='ocrx_word' id='word_1_230' title='bbox 111 2048 196 2073; x_wconf 87' lang='lat' dir='ltr'>cum</span> <span class='ocrx_word' id='word_1_231' title='bbox 221 2037 261 2073; x_wconf 89' lang='lat' dir='ltr'>in</span> <span class='ocrx_word' id='word_1_232' title='bbox 286 2037 445 2081; x_wconf 78' lang='lat' dir='ltr'>eundem</span> <span class='ocrx_word' id='word_1_233' title='bbox 470 2038 623 2074; x_wconf 88' lang='lat' dir='ltr'>modum</span> <span class='ocrx_word' id='word_1_234' title='bbox 649 2039 854 2085; x_wconf 85' lang='lat' dir='ltr'>depravata</span> <span class='ocrx_word' id='word_1_235' title='bbox 878 2040 917 2075; x_wconf 91' lang='lat' dir='ltr'>in</span> <span class='ocrx_word' id='word_1_236' title='bbox 942 2041 972 2076; x_wconf 94' lang='lat' dir='ltr'>B</span> <span class='ocrx_word' id='word_1_237' title='bbox 1000 2041 1085 2086; x_wconf 86' lang='lat' dir='ltr'>sint,</span> <span class='ocrx_word' id='word_1_238' title='bbox 1112 2040 1176 2085; x_wconf 88' lang='lat' dir='ltr'>qui</span> <span class='ocrx_word' id='word_1_239' title='bbox 1200 2041 1400 2077; x_wconf 85' lang='lat' dir='ltr'>nonnullos</span> 
     </span>
     <span class='ocr_line' id='line_1_33' title="bbox 110 2084 1398 2134; baseline 0.003 -14"><span class='ocrx_word' id='word_1_240' title='bbox 110 2084 205 2120; x_wconf 80' lang='lat' dir='ltr'>alios</span> <span class='ocrx_word' id='word_1_241' title='bbox 237 2084 342 2120; x_wconf 78' lang='lat' dir='ltr'>locos</span> <span class='ocrx_word' id='word_1_242' title='bbox 367 2086 562 2130; x_wconf 86' lang='lat' dir='ltr'>praeterea</span> <span class='ocrx_word' id='word_1_243' title='bbox 587 2085 760 2122; x_wconf 84' lang='lat' dir='ltr'>similiter</span> <span class='ocrx_word' id='word_1_244' title='bbox 785 2088 952 2133; x_wconf 81' lang='lat' dir='ltr'>corrupit</span> <span class='ocrx_word' id='word_1_245' title='bbox 978 2087 1038 2134; x_wconf 86' lang='lat' dir='ltr'>(cf.</span> <span class='ocrx_word' id='word_1_246' title='bbox 1066 2090 1147 2132; x_wconf 77' lang='lat'>268,</span> <span class='ocrx_word' id='word_1_247' title='bbox 1168 2091 1206 2130; x_wconf 83' lang='lat'>53</span> <span class='ocrx_word' id='word_1_248' title='bbox 1234 2091 1315 2132; x_wconf 82' lang='lat'>353,</span> <span class='ocrx_word' id='word_1_249' title='bbox 1338 2093 1398 2130; x_wconf 85' lang='lat'>15;</span> 
     </span>
     <span class='ocr_line' id='line_1_34' title="bbox 110 2132 1399 2181; baseline 0.003 -14"><span class='ocrx_word' id='word_1_250' title='bbox 110 2136 194 2176; x_wconf 77' lang='lat'>364,</span> <span class='ocrx_word' id='word_1_251' title='bbox 207 2135 253 2168; x_wconf 77' lang='lat'>26</span> <span class='ocrx_word' id='word_1_252' title='bbox 272 2151 319 2158; x_wconf 89' lang='lat'>—</span> <span class='ocrx_word' id='word_1_253' title='bbox 338 2132 531 2178; x_wconf 85' lang='lat' dir='ltr'>aliquanto</span> <span class='ocrx_word' id='word_1_254' title='bbox 552 2133 662 2179; x_wconf 89' lang='lat' dir='ltr'>plura</span> <span class='ocrx_word' id='word_1_255' title='bbox 681 2135 852 2181; x_wconf 83' lang='lat' dir='ltr'>exempla</span> <span class='ocrx_word' id='word_1_256' title='bbox 872 2135 1024 2171; x_wconf 87' lang='lat' dir='ltr'>exhibet</span> <span class='ocrx_word' id='word_1_257' title='bbox 1039 2135 1156 2171; x_wconf 82' lang='lat' dir='ltr'>editio</span> <span class='ocrx_word' id='word_1_258' title='bbox 1170 2135 1226 2181; x_wconf 81' lang='lat' dir='ltr'>P).</span> <span class='ocrx_word' id='word_1_259' title='bbox 1249 2136 1399 2172; x_wconf 90' lang='lat' dir='ltr'>omnino</span> 
     </span>
     <span class='ocr_line' id='line_1_35' title="bbox 110 2178 1399 2228; baseline 0.003 -13"><span class='ocrx_word' id='word_1_260' title='bbox 110 2179 150 2215; x_wconf 87' lang='lat' dir='ltr'>in</span> <span class='ocrx_word' id='word_1_261' title='bbox 180 2178 304 2215; x_wconf 83' lang='lat' dir='ltr'>verbis</span> <span class='ocrx_word' id='word_1_262' title='bbox 332 2179 505 2216; x_wconf 84' lang='lat' dir='ltr'>similiter</span> <span class='ocrx_word' id='word_1_263' title='bbox 537 2180 598 2216; x_wconf 89' lang='lat' dir='ltr'>vel</span> <span class='ocrx_word' id='word_1_264' title='bbox 622 2181 889 2228; x_wconf 82' lang='lat' dir='ltr'>incipientibus</span> <span class='ocrx_word' id='word_1_265' title='bbox 915 2183 975 2219; x_wconf 87' lang='lat' dir='ltr'>vel</span> <span class='ocrx_word' id='word_1_266' title='bbox 1000 2182 1308 2227; x_wconf 80' lang='lat' dir='ltr'>terminantibus,</span> <span class='ocrx_word' id='word_1_267' title='bbox 1335 2184 1399 2219; x_wconf 88' lang='lat' dir='ltr'>ubi</span> 
     </span>
     <span class='ocr_line' id='line_1_36' title="bbox 110 2225 1399 2275; baseline 0.002 -13"><span class='ocrx_word' id='word_1_268' title='bbox 110 2225 290 2263; x_wconf 84' lang='lat' dir='ltr'>vitiosum</span> <span class='ocrx_word' id='word_1_269' title='bbox 321 2226 411 2271; x_wconf 90' lang='lat' dir='ltr'>quid</span> <span class='ocrx_word' id='word_1_270' title='bbox 444 2239 524 2264; x_wconf 82' lang='lat' dir='ltr'>esse</span> <span class='ocrx_word' id='word_1_271' title='bbox 549 2228 767 2274; x_wconf 85' lang='lat' dir='ltr'>videbatur,</span> <span class='ocrx_word' id='word_1_272' title='bbox 800 2241 874 2266; x_wconf 90' lang='lat' dir='ltr'>non</span> <span class='ocrx_word' id='word_1_273' title='bbox 901 2227 1074 2266; x_wconf 85' lang='lat' dir='ltr'>dubitavi</span> <span class='ocrx_word' id='word_1_274' title='bbox 1098 2229 1248 2275; x_wconf 83' lang='lat' dir='ltr'>longius</span> <span class='ocrx_word' id='word_1_275' title='bbox 1275 2242 1297 2275; x_wconf 83' lang='lat' dir='ltr'>a</span> <span class='ocrx_word' id='word_1_276' title='bbox 1322 2232 1399 2266; x_wconf 87' lang='lat' dir='ltr'>tra-</span> 
     </span>
     <span class='ocr_line' id='line_1_37' title="bbox 111 2273 1400 2324; baseline 0.002 -15"><span class='ocrx_word' id='word_1_277' title='bbox 111 2273 203 2311; x_wconf 75' lang='lat' dir='ltr'>ditis</span> <span class='ocrx_word' id='word_1_278' title='bbox 234 2273 355 2310; x_wconf 77' lang='lat' dir='ltr'>literis</span> <span class='ocrx_word' id='word_1_279' title='bbox 389 2275 562 2311; x_wconf 87' lang='lat' dir='ltr'>recedere</span> <span class='ocrx_word' id='word_1_280' title='bbox 587 2287 657 2312; x_wconf 88' lang='lat' dir='ltr'>nec</span> <span class='ocrx_word' id='word_1_281' title='bbox 683 2277 885 2322; x_wconf 80' lang='lat' dir='ltr'>temeraria</span> <span class='ocrx_word' id='word_1_282' title='bbox 910 2277 1054 2322; x_wconf 85' lang='lat' dir='ltr'>iudico,</span> <span class='ocrx_word' id='word_1_283' title='bbox 1080 2288 1176 2322; x_wconf 84' lang='lat' dir='ltr'>quae</span> <span class='ocrx_word' id='word_1_284' title='bbox 1201 2289 1315 2324; x_wconf 86' lang='lat' dir='ltr'>pagg.</span> <span class='ocrx_word' id='word_1_285' title='bbox 1344 2282 1400 2322; x_wconf 86' lang='lat'>11,</span> 
     </span>
     <span class='ocr_line' id='line_1_38' title="bbox 112 2323 674 2367; baseline 0.007 -12"><span class='ocrx_word' id='word_1_286' title='bbox 112 2325 174 2364; x_wconf 81' lang='lat'>133</span> <span class='ocrx_word' id='word_1_287' title='bbox 201 2324 258 2364; x_wconf 87' lang='grc'>58,</span> <span class='ocrx_word' id='word_1_288' title='bbox 278 2325 342 2366; x_wconf 82' lang='grc'>21;</span> <span class='ocrx_word' id='word_1_289' title='bbox 369 2326 426 2367; x_wconf 87' lang='grc'>60,</span> <span class='ocrx_word' id='word_1_290' title='bbox 449 2326 492 2358; x_wconf 91' lang='grc'>18</span> <span class='ocrx_word' id='word_1_291' title='bbox 520 2323 674 2360; x_wconf 78' lang='lat' dir='ltr'>conieci,</span> 
     </span>
    </p>
   </div>
  </div>
 </body>
</html>
