1578 2470
457 105 884 143 DECLAMATIONES.
911 105 1151 143 CCCXXVII.
1375 106 1462 149 419

173 215 492 260 adulescentiae
524 215 716 270 crimina,
749 217 794 258 et
823 229 877 257 ne
908 215 955 257 in
981 215 1136 258 scortis
1163 215 1336 271 quidem
1360 230 1459 259 reus

170 276 284 319 male
321 275 462 318 audio.
522 275 620 330 plus
657 274 847 318 fortasse
885 289 1016 330 quam
1051 275 1239 330 putatis,
1284 275 1462 332 iudices,

170 335 430 392 pollicebor:
460 349 550 377 non
576 333 812 390 quemlibet
838 348 889 376 ex
914 334 1003 376 illis
1031 334 1262 389 subselliis,
1287 334 1363 377 sed
1390 350 1459 378 ac-

171 397 414 439 cusatorem
450 394 595 449 ipsum
632 393 903 436 laudatorem
941 393 1071 436 dabo:
1112 408 1352 449 numquam
1383 395 1458 437 ab-

171 453 343 498 dicavit.
404 453 553 509 quidni
584 452 702 495 non?
752 452 997 508 abdicaret,
1037 453 1159 496 cuius
1191 468 1281 495 non
1313 453 1455 496 solum
1484 463 1506 495 5

171 513 477 568 innocentiam,
508 512 583 555 sed
614 512 745 554 etiam
776 512 983 554 virtutem
1015 512 1312 568 cognoverat?
1374 512 1456 555 Fa-

171 573 294 616 cinus
331 571 579 628 indignum!
629 571 743 613 inter
783 571 979 626 speciosa
1016 571 1202 614 militiae
1235 586 1368 627 opera
1397 573 1460 615 in-

170 632 348 688 pietatis
373 632 569 688 privatae
594 645 692 673 reus
719 645 827 684 sum,
853 645 1042 686 sponsor
1067 631 1223 674 salutis
1249 631 1459 688 publicae.

169 706 260 734 non
291 694 393 734 sunt
423 690 615 733 eiusdem
646 691 834 745 pectoris
866 691 976 732 vitia
1007 693 1051 732 et
1081 691 1279 733 virtutes.
1325 691 1459 733 etiam

170 765 250 807 pro
283 750 438 793 alienis
468 749 666 805 patribus
698 749 904 792 dimicare
936 750 1069 792 soleo.
1488 760 1533 792 10

262 809 345 852 Sed
375 809 562 853 forsitan
592 823 678 851 non
710 809 852 851 solum
883 823 1055 864 puram,
1094 809 1169 852 sed
1202 809 1334 852 etiam
1366 823 1459 864 spe-

172 869 336 912 ciosam
375 869 672 911 innocentiam
715 871 868 923 gravet
909 868 955 910 in
995 868 1276 924 parricidium
1309 883 1461 911 causa:

170 927 380 995 numquid
406 928 686 970 abdicaveras
713 930 757 969 et
782 941 936 969 exuere
961 928 1208 970 naturalem
1233 927 1460 984 indulgen-

170 987 279 1030 tiam
309 987 429 1042 prior
459 986 698 1029 docueras?
731 1001 786 1028 an
818 986 951 1028 etiam
985 987 1064 1040 [in]
1099 986 1355 1029 hereditatis
1388 1001 1459 1029 cu-

169 1046 353 1102 piditate
382 1045 585 1089 volebam
617 1048 660 1088 te
693 1045 917 1088 occidere?
951 1046 1157 1088 scilicet
1144 1046 1368 1089 immensis
1396 1046 1459 1089 lu·
1489 1055 1532 1087 15

171 1105 323 1148 xuriae
363 1107 568 1148 oneratus
607 1104 789 1147 damnis.
853 1119 909 1147 an
946 1105 1179 1148 infeliciter
1210 1108 1254 1148 te
1286 1106 1461 1148 iubente

171 1178 469 1220 pugnaveram
501 1167 544 1206 et
576 1165 760 1207 inertiae
791 1178 979 1218 poenam
1012 1165 1221 1207 verebar?
1283 1165 1466 1221 ,‚Immo‚

173 1224 332 1279 inquit,
362 1223 526 1265 invitus
558 1222 819 1265 militabas.“
863 1223 926 1265 sic
957 1223 1008 1265 fit
1040 1237 1155 1279 ergo,
1186 1226 1236 1265 ut
1267 1223 1463 1279 quisquis

172 1282 346 1325 hostem
376 1282 514 1337 timet,
546 1285 716 1338 patrem
748 1281 946 1324 occidat?
979 1296 1082 1338 ergo
1114 1283 1230 1325 iners
1263 1282 1461 1325 sum?-:

171 1341 294 1397 atqui
330 1341 545 1396 parricida
581 1356 668 1384 non
707 1341 850 1383 solum
890 1341 1030 1384 audax
1069 1342 1197 1384 debet
1228 1356 1341 1396 esse,
1385 1342 1460 1385 sed
1487 1351 1534 1383 20

171 1401 303 1443 etiam
335 1401 606 1443 temerarius.
652 1399 847 1442 invitus?
878 1416 956 1442 —-:
989 1401 1093 1456 quid
1126 1401 1257 1457 ergo?
1306 1415 1462 1457 rogare

170 1474 259 1502 non
287 1473 485 1515 possum,
517 1459 571 1502 ad
601 1474 751 1514 preces
784 1459 1029 1512 decurrere,
1060 1474 1150 1503 non
1181 1461 1235 1503 ad
1266 1464 1460 1503 venena?

170 1519 328 1561 iterum
359 1518 562 1574 adlegare
595 1519 757 1562 amicos
789 1533 877 1561 non
908 1519 1116 1574 possum?
1149 1519 1332 1576 denique
1360 1519 1458 1575 <si>

170 1592 437 1633 perseveras,
468 1579 580 1620 mori
611 1592 698 1620 non
730 1578 937 1633 possum?
970 1578 1084 1634 finge
1117 1579 1252 1634 enim,
1284 1580 1458 1634 qualem

171 1640 216 1680 te
247 1637 355 1680 velis
389 1651 492 1680 esse.
555 1637 801 1680 crudelem?
833 1640 876 1679 et
906 1637 1021 1680 hunc
1053 1638 1180 1681 iudex
1214 1638 1462 1690 vindicabit,
1488 1647 1533 1680 25

170 1699 215 1739 et
243 1699 423 1752 propter
453 1697 569 1738 hunc
601 1696 760 1739 occidet
790 1696 960 1739 filium?
998 1697 1074 1740 sed
1106 1698 1261 1740 melius
1294 1712 1376 1754 ego
1409 1698 1461 1740 de

169 1757 213 1798 te
243 1755 397 1798 indico.
435 1758 542 1811 puto
569 1758 613 1798 te
640 1756 787 1798 omnia
812 1756 1091 1811 indulgenter
1116 1758 1333 1813 imperare
1358 1757 1462 1800 filio.

169 1814 299 1858 avida
334 1817 402 1857 est
438 1815 604 1871 gloriae
645 1817 830 1869 paterna
867 1815 1026 1870 pietas:
1070 1818 1224 1859 nostra
1255 1816 1463 1859 tirocinia

167 1873 391 1917 timidiora
416 1877 528 1917 sunt.
558 1874 767 1929 numquid
792 1874 1037 1929 offenderis,
1064 1875 1100 1916 si
1121 1878 1164 1917 te
1186 1875 1347 1918 laudo?
1382 1875 1456 1917 sed

167 1946 222 1974 ne
253 1932 334 1974 tali
367 1932 539 1987 quidem
571 1933 686 1986 patri
717 1933 881 1987 parco?
1482 1943 1527 1975 30

265 2111 287 2143 9
313 2108 352 2143 et
376 2117 443 2143 om.
468 2109 495 2141 Β
514 2107 527 2152 11
547 2107 585 2142 et
608 2107 687 2142 tam
712 2109 740 2140 B
758 2107 772 2152 11
793 2110 836 2142 12
861 2108 997 2153 urgeat
1025 2107 1099 2143 Obr
1130 2108 1144 2152 11
1174 2111 1220 2143 14
1247 2107 1319 2155 [111]
1344 2108 1422 2145 Aer
1447 2110 1460 2155 11

170 2158 214 2191 19
239 2155 377 2190 timent
400 2156 463 2198 Ba,
487 2153 625 2189 timens
649 2156 738 2188 BbP
757 2155 768 2200 11
788 2158 834 2190 20
857 2165 933 2190 11011
958 2167 1040 2190 sum
1066 2156 1191 2190 audax
1213 2158 1241 2190 B
1260 2157 1336 2201 1121
1363 2156 1459 2191 invi-

165 2204 228 2238 tus
253 2201 542 2249 (militabam>?
573 2201 649 2237 Aer
672 2201 685 2246 11
709 2205 754 2237 22
787 2201 932 2237 advena
961 2205 988 2236 Β
1020 2203 1032 2248 11
1063 2206 1109 2238 23
1141 2201 1230 2251 (si)
1262 2203 1339 2239 Aer
1369 2205 1381 2249 11
1411 2206 1457 2238 25

166 2248 275 2284 indes
299 2252 402 2284 13—1’
420 2250 432 2294 11
452 2252 497 2284 26
523 2251 647 2294 preter
671 2251 698 2282 Β
718 2250 730 2294 11
750 2248 888 2284 occidit
912 2252 988 2294 AB,
1015 2261 1108 2286 corr.
1129 2251 1208 2287 edd.
1228 2250 1241 2295 11
1260 2254 1306 2286 28
1331 2252 1459 2296 tyran-

169 2295 311 2332 nicidia
334 2299 361 2330 B
386 2297 399 2341 11
424 2299 469 2332 29
495 2307 593 2331 1111110
620 2295 710 2340 quid
734 2298 950 2341 Ρ1129-30
977 2297 1042 2333 sed
1066 2297 1187 2333 natali
1212 2300 1266 2332 Aa.

1171 2355 1244 2392 27*
