1604 2488
494 80 922 119 DECLAMATIONES.
949 80 1118 119 CCLXV.
1390 79 1446 123 83

159 195 225 236 est
254 193 595 249 ignominiosum
626 191 820 246 pulsare,
852 190 979 246 quale
1010 190 1176 233 furtum
1209 189 1301 232 sine
1333 192 1446 232 teste

156 252 316 295 facere:
359 254 409 294 ut
446 251 643 294 damnari
682 249 857 306 quidem
893 264 983 292 non
1013 249 1170 306 possit,
1214 248 1445 292 admittere

155 314 302 354 tamen
330 325 422 354 non
453 310 663 353 debuerit.
705 310 807 366 quin
841 324 892 351 ex
922 309 1005 353 hoc
1035 310 1146 365 ipso,
1177 308 1292 365 quod
1321 309 1444 365 igno-

154 371 340 414 minioso
373 371 487 413 actio
518 385 607 412 non
638 370 777 425 datur,
811 371 991 424 apparet
1023 383 1118 411 esse
1148 369 1212 411 rei
1242 368 1445 423 publicae

155 430 383 472 actionem.
445 429 545 485 quid
590 430 704 472 enim
745 429 815 471 lex
853 428 1028 484 eripuit,
1066 429 1103 471 si
1141 429 1231 470 eius
1270 428 1444 470 demum

152 489 216 532 rei
252 503 342 532 non
374 489 494 531 dedit
532 489 762 543 actionem,
806 502 936 544 quam
977 488 1118 530 facere
1150 487 1306 530 licuit?
1356 502 1445 530 non

154 551 299 591 autem
324 549 390 591 ius
416 548 624 604 peccandi
650 548 854 591 adversus
880 547 1194 603 ignominiosos
1220 547 1326 602 dari,
1358 561 1443 588 uno

153 611 198 650 et
229 608 353 651 brevi
378 611 422 650 et
447 608 679 651 manifesto
705 607 853 650 videor
882 610 1140 663 argumento
1167 607 1444 662 probaturus.

151 682 279 723 quem
310 668 484 723 pulsare
510 668 626 722 licet,
657 667 849 710 occidere
874 666 986 708 licet.
1035 667 1158 722 atqui
1183 665 1442 722 ignominio-

153 741 247 769 sum
282 727 319 769 si
346 727 442 782 quis
469 726 684 782 occiderit,
715 726 857 769 caedis
884 726 979 782 lege
1005 726 1238 769 tenebitur.
1281 725 1442 781 quare?

151 786 356 841 quoniam
395 787 508 829 actio
545 786 674 828 huius
712 785 955 828 necessario
990 785 1044 827 ad
1077 786 1211 827 alium
1242 786 1444 840 pertinet.

151 848 335 900 apparet
366 859 483 902 ergo,
515 860 604 888 non
634 845 717 887 tibi
750 844 911 901 aliquid
944 844 1151 887 adversus
1183 844 1442 900 ignominio-

151 919 247 946 sum
285 905 477 960 licuisse,
515 905 590 947 sed
626 905 918 960 ignominioso
956 904 1068 946 nihil
1108 919 1187 960 pro
1221 918 1266 946 se
1300 903 1442 946 licere.

147 964 296 1019 itaque
326 964 644 1020 ignominiosus
676 978 764 1006 non
790 966 887 1018 aget
917 965 1060 1006 tecum
1086 963 1361 1006 iniuriarum:
1393 965 1442 1005 tu

149 1025 298 1065 tamen
322 1022 525 1066 iniuriam
551 1024 723 1077 feceris3
750 1025 794 1065 et
818 1023 901 1065 hoc
928 1023 981 1065 ad
1004 1037 1190 1079 poenam
1212 1023 1301 1065 eius
1322 1022 1440 1066 vitae

147 1096 197 1124 ac
227 1082 511 1137 turpitudinis
543 1083 800 1139 pertinebit,
838 1081 953 1138 quod
983 1085 1033 1124 tu
1063 1097 1153 1125 non
1184 1082 1308 1125 dabis
1340 1097 1440 1138 poc-

147 1155 227 1183 nas
258 1142 437 1197 peccati.
479 1142 602 1185 -Haec
633 1142 832 1197 dicerem,
865 1142 902 1184 si
933 1142 1193 1197 ubicumque
1218 1142 1440 1197 pulsasses

146 1200 506 1255 ignominiosum:
538 1216 652 1244 nunc
683 1204 733 1243 ut
763 1201 922 1243 iniuria
953 1215 1041 1243 non
1074 1202 1131 1243 sit
1163 1201 1309 1256 aliquo
1342 1201 1439 1243 loco

145 1260 348 1314 pulsasse
364 1260 717 1316 ignominiosum,
749 1261 907 1302 iniuria
932 1263 1081 1302 tamen
1108 1264 1175 1303 est
1199 1261 1246 1302 in
1271 1260 1438 1314 templo

145 1318 334 1372 pulsare.
364 1334 466 1361 nam
493 1320 531 1362 si
554 1320 598 1362 id
618 1323 685 1362 est
704 1320 928 1374 utriusque
947 1322 1146 1362 nostrum
1167 1319 1438 1362 confessione

145 1377 316 1432 iniuria,
349 1378 463 1433 quod
496 1379 776 1421 manifestum
809 1383 875 1421 est
900 1393 989 1421 non
1015 1393 1108 1421 esse
1133 1380 1225 1421 iure
1254 1379 1437 1421 factum:

145 1438 194 1478 ut
245 1436 328 1479 tibi
377 1437 444 1479 ius
494 1438 626 1480 fuerit
676 1438 783 1480 alibi
831 1438 1036 1493 pulsandi
1086 1438 1437 1495 ignominiosum,

145 1493 280 1550 (quod
311 1510 401 1539 non
433 1511 527 1539 esse
558 1497 647 1539 iam
679 1495 843 1554 docui):
876 1498 922 1539 in
948 1498 1113 1552 templo
1139 1498 1343 1554 pulsandi
1369 1498 1436 1540 ius

143 1568 233 1596 non
264 1555 358 1598 fuit.

232 1613 352 1657 Haec
378 1628 458 1670 ego
486 1615 584 1668 [ita]
613 1615 810 1671 dicerem,
842 1616 1014 1658 etiamsi
1044 1616 1183 1658 omnis
1210 1617 1296 1658 ista
1322 1617 1432 1658 ultio

140 1673 377 1728 pertineret
414 1674 468 1717 ad
507 1689 623 1730 eum,
668 1675 740 1730 qui
780 1675 988 1717 iniuriam
1021 1675 1276 1731 accepisset:
1320 1690 1433 1718 nunc

140 1747 209 1776 res
235 1733 393 1788 duplex
419 1735 498 1789 est,
523 1734 707 1776 crimina
733 1734 816 1777 duo
844 1737 947 1777 sunt
973 1734 1077 1790 eius,
1106 1735 1180 1791 qui
1199 1735 1246 1776 in
1266 1735 1432 1790 templo

138 1792 382 1847 pulsaverit.
445 1793 545 1848 quid
578 1794 692 1836 enim
729 1794 798 1836 lex
831 1794 962 1836 dicit?
1003 1795 1121 1850 „qui
1152 1795 1204 1836 in
1234 1795 1431 1849 templo

138 1850 388 1894 iniuriam
430 1852 636 1908 fecerit,
687 1853 858 1896 decem
908 1854 1058 1896 milia
1102 1854 1431 1897 denariorum

234 1972 253 2003 7
278 1967 549 2014 ignominiosus
573 1972 604 2003 A
641 1971 652 2015 ΙΙ
692 1973 734 2004 11
755 1973 842 2014 post
865 1970 1050 2015 pertinet,
1076 1970 1246 2006 ultimum
1269 1970 1356 2014 folii
1380 1974 1429 2006 17

135 2017 224 2052 recti
247 2016 290 2052 in
313 2017 433 2052 codice
457 2019 488 2050 A
505 2017 664 2059 verbum,
688 2018 731 2052 in
748 2018 914 2062 maryine
931 2017 1109 2061 inferiore
1128 2018 1261 2063 leyitur
1286 2017 1372 2053 mis
1384 2028 1427 2053 e-

135 2074 250 2109 rere,
276 2064 322 2107 cf.
342 2064 428 2100 decl.
445 2066 520 2100 350
538 2067 626 2100 extr.
649 2066 660 2110 ΙΙ
682 2068 724 2099 13
750 2063 1040 2110 ignominiosum
1059 2065 1156 2100 nihil
1174 2068 1228 2099 Aa.
1247 2066 1258 2111 ss
1279 2069 1324 2100 14
1345 2065 1428 2111 agit

135 2112 212 2155 ΔΒ,
237 2121 330 2147 corr.
356 2110 411 2147 Gr
435 2113 448 2158 ΙΙ
481 2115 523 2147 17
550 2111 718 2147 dicerent
742 2114 769 2145 B
797 2113 809 2158 Η
839 2115 882 2147 18
909 2123 1006 2148 nunc
1032 2113 1075 2147 ut
1100 2116 1162 2148 etc.
1183 2133 1227 2139 —
1250 2117 1294 2149 19
1321 2112 1428 2158 igno-

135 2157 335 2194 miniosum
361 2169 427 2196 om.
453 2161 480 2193 B
506 2159 518 2204 ΙΙ
549 2159 738 2205 *ali[qu]o
764 2158 810 2204 (ἓ)
840 2160 852 2205 ΙΙ
884 2163 928 2194 21
957 2171 1038 2195 esse
1063 2171 1102 2195 re
1128 2159 1153 2195 f.
1179 2163 1210 2194 A
1235 2161 1247 2206 ΙΙ
1273 2164 1318 2195 22
1344 2160 1427 2205 pul-

137 2205 254 2240 sanda
278 2208 305 2239 B
342 2207 355 2251 ΙΙ
391 2210 436 2242 23
461 2207 578 2252 temp.
604 2207 733 2241 tamen
757 2206 853 2252 puls.
879 2209 906 2240 B
944 2208 956 2253 u
993 2211 1039 2242 25
1064 2207 1138 2243 ista
1162 2210 1202 2253 B,
1230 2207 1317 2254 [ita]
1348 2207 1406 2242 Ro
1415 2221 1428 2249 ,-

136 2276 197 2311 sed
221 2276 266 2319 cf.
293 2277 370 2313 ind.
398 2278 454 2323 ΙΙΙ
479 2282 524 2313 28
551 2278 720 2323 pulsatus
747 2278 796 2312 sit
820 2280 904 2322 AB,
931 2289 1021 2314 corr.
1050 2278 1114 2315 Gr.
1136 2281 1148 2325 ΙΙ
1167 2283 1212 2314 29
1238 2268 1295 2313 ’ὶῖῗ
1321 2281 1385 2312 AB

1155 2337 1204 2373 6*

1470 437 1491 469 5

1471 735 1514 767 10

1469 1032 1510 1064 15

1465 1329 1510 1361 20

1460 1625 1505 1657 25
