1578 2470
181 752 223 783 10

162 1043 222 1097 ‘15

178 1333 221 1363 20

177 1622 221 1653 25

253 113 308 154 37
313 114 337 155 8
726 114 1028 157 QUINTIMAM

251 225 324 262 aut
370 220 415 262 in
467 220 655 274 aliquam
704 221 954 262 immensam
1004 222 1270 264 altitudinem
1319 223 1503 264 deiectus

250 278 390 330 tuerit,
422 278 566 319 eadem
598 279 689 333 lege
723 278 1018 332 vindicabitur,
1058 293 1140 333 qua
1170 280 1256 335 ille,
1286 280 1358 335 qui
1388 280 1501 322 ferro

251 350 474 389 percussus
507 336 574 377 sit.
635 337 766 391 igitur
797 339 840 378 et
871 338 954 378 alia
987 337 1152 380 similia.
1214 339 1281 380 lex
1310 338 1362 380 de
1393 353 1503 392 aqua

249 393 405 447 frigida
454 394 615 448 scripta
662 409 748 435 non
798 398 903 436 erat:
952 396 1173 437 redeamus
1221 409 1390 438 necesse
1439 399 1505 437 est

250 453 337 493 iam
378 451 431 493 ad
466 466 575 505 eam,
608 466 714 507 quae
748 467 910 494 venena
943 456 1131 507 coereeat,
1163 467 1258 495 eum
1292 467 1401 508 aqua
1434 454 1507 495 fri-

251 509 349 564 gida
380 510 422 550 id
454 510 651 563 effecerit,
682 511 794 564 quod
824 525 1042 553 venenum.

337 567 471 620 Haec,
509 571 556 609 ut
591 569 809 609 remittam
847 583 933 610 non
962 569 1094 611 fuisse
1125 569 1207 611 hoo
1238 569 1503 611 veneficium:

249 640 359 667 nunc
389 637 489 667 vero
523 640 728 667 venenum
761 627 971 680 quomodo
1003 627 1276 681 interpretari
1306 630 1349 668 et
1377 627 1499 669 intel-

249 684 389 738 legere
415 684 670 737 possumus‘?
703 686 748 725 ut
774 685 935 739 opinor,
965 685 1182 739 potionem
1207 685 1357 727 mortis
1377 699 1504 727 eausa

249 741 404 783 datam.
465 756 550 783 non
582 743 797 796 quaeritur
829 743 967 797 qualis
999 743 1066 796 sit,
1101 743 1173 784 sed
1205 743 1303 798 quid
1335 742 1502 785 efficiat.

248 815 347 840 nam
383 800 571 853 ipsorum
609 814 865 842 venenorum
902 802 1025 854 plura
1062 815 1234 856 genera,
1270 801 1394 855 plura
1431 815 1503 843 no-

248 858 364 898 mina
389 860 504 912 sunt3
531 858 687 900 diversi
713 859 841 900 etiam
862 859 1045 900 effeetus.
1087 858 1200 900 aliud
1219 873 1270 900 ex
1288 858 1500 901 radicibus

247 915 474 957 herbarum
513 916 792 970 contrahitur,
831 917 943 958 aliud
982 932 1032 958 ex
1065 917 1321 959 animalibus
1352 917 1499 963 morti-

246 972 348 1014 feris
368 976 625 1027 reservatur3
652 977 751 1015 sunt
772 989 878 1028 quae
899 975 1056 1029 frigore
1076 975 1324 1029 sanguinem
1345 975 1502 1030 gelent,

248 1034 347 1072 sunt
367 1046 473 1085 quae
494 1032 632 1073 calore
656 1032 788 1074 nimio
811 1032 960 1074 vitalia
979 1035 1172 1074 exurant:
1199 1033 1342 1074 omnia
1359 1035 1502 1073 tamen

247 1089 351 1130 haec
383 1089 461 1131 sub
493 1104 621 1131 unam
653 1090 791 1144 legem
823 1090 1014 1132 veneficii
1041 1090 1224 1133 veniunt.
1268 1090 1371 1144 quin
1395 1090 1502 1131 illud

249 1147 375 1188 etiam
406 1147 451 1187 in
481 1162 620 1188 rerum
648 1151 802 1189 natura
827 1148 1099 1190 manifestum
1126 1150 1252 1202 atque
1278 1148 1506 1202 deprehen-

250 1220 341 1246 sum
369 1207 444 1258 est,
478 1205 562 1246 alia
589 1220 680 1246 esse
705 1206 801 1246 aliis
827 1220 1000 1247 venena.
1041 1205 1258 1259 quaedam,
1284 1205 1504 1247 mortifera

247 1263 389 1316 nobis,
433 1263 562 1304 etiam
599 1264 643 1304 in
679 1264 909 1305 remedium
948 1263 1209 1318 quorundam
1255 1263 1504 1304 animalium

249 1320 416 1374 cedunt3
449 1320 666 1375 quaedam,
698 1336 804 1376 quae
830 1322 874 1362 in
899 1322 1140 1375 voluptates
1167 1321 1297 1363 etiam
1323 1324 1365 1363 et
1383 1321 1502 1362 luxu—

246 1380 354 1420 riam
387 1379 656 1433 adhibentur,
694 1379 840 1421 multis
880 1379 1132 1421 animalibus
1165 1379 1361 1421 adferunt
1392 1393 1505 1420 mor-

246 1440 345 1478 tem.
407 1437 557 1478 similis
595 1437 706 1479 ratio
749 1440 790 1479 et
819 1438 1102 1479 remediorum
1134 1440 1210 1479 est.
1270 1452 1343 1479 eur
1373 1437 1504 1492 igitur

246 1510 331 1537 non
363 1495 419 1536 sit
451 1495 688 1536 differentia
713 1496 758 1537 in
783 1510 942 1538 veneno
969 1497 1099 1537 etiam
1125 1495 1364 1549 temporis?
1398 1495 1505 1536 nihil

246 1554 437 1606 interest,
469 1553 569 1607 quid
599 1553 731 1595 faeiat
761 1554 886 1595 alias:
917 1568 1029 1596 nuno
1055 1568 1259 1595 venenum
1285 1557 1362 1595 est.
1403 1566 1505 1619 quo-

247 1611 370 1652 modo
404 1611 515 1652 enim
547 1612 813 1665 comprobare
842 1612 926 1654 ista
950 1611 1205 1666 possumus?
1237 1614 1334 1653 ante
1359 1611 1501 1653 omnia

246 1669 386 1710 animo
419 1669 571 1723 dantis,
602 1669 749 1711 deinde
782 1670 941 1711 effectu
997 1670 1162 1711 animus
1195 1669 1335 1711 dantis
1366 1669 1502 1723 qualis

244 1726 384 1778 fuerit,
415 1740 509 1768 mox
533 1727 827 1780 probabimus:
859 1727 1028 1769 interim
1060 1728 1109 1768 de
1142 1727 1294 1768 effectu
1324 1729 1504 1768 constat.

245 1785 373 1826 vultis
407 1784 659 1826 aestimare?
695 1799 765 1825 -ε
811 1785 915 1826 adeo
948 1787 1108 1826 eertum
1139 1784 1238 1838 fuit,
1272 1784 1353 1826 hoo
1375 1791 1506 1825 'vene-

388 1887 417 1921 si
443 1890 518 1930 ΔΒ,
544 1898 633 1922 corr
660 1886 717 1921 Ro
736 1888 748 1930 11
767 1891 786 1921 3
813 1887 919 1934 (sic)
938 1882 1051 1932 igitur
1070 1887 1127 1922 Ro
1145 1888 1157 1932 ΙΙ
1176 1886 1305 1921 similis
1329 1889 1356 1920 B
1374 1888 1386 1931 ss
1406 1890 1426 1921 5
1448 1888 1503 1922 ta-

246 1944 331 1969 men
342 1892 402 1977 ῙΔ,
427 1934 506 1968 tam
530 1937 572 1975 Β,
599 1944 688 1968 corr.
715 1933 772 1968 Ro
789 1934 801 1976 ΙΙ
818 1936 975 1969 noceant
1011 1935 1085 1976 AB,
1111 1944 1198 1968 corr.
1227 1933 1301 1968 Aer
1324 1935 1337 1978 ΙΙ
1361 1937 1381 1968 6
1406 1933 1505 1968 idem

247 1982 304 2015 est
326 1980 458 2015 fecerit
480 1983 523 2021 Β,
548 1980 647 2014 idem
673 1982 710 2014 et
733 1981 756 2015 f.
783 1983 808 2012 P
826 1981 838 2024 ΙΙ
858 1985 877 2015 7
902 1980 1052 2014 fuissem
1076 1961 1103 2013 Β
1121 1981 1133 2024 ΙΙ
1152 1984 1172 2015 8
1204 1990 1335 2015 venum
1359 1980 1442 2025 Anu
1462 1983 1503 2013 11

247 2031 338 2061 -12
365 2037 449 2061 omo
475 2030 501 2059 P
525 2028 537 2071 ΙΙ
569 2029 611 2060 15
638 2027 782 2072 vitalia]
809 2027 1022 2079 sanguinem
1047 2030 1073 2060 Β
1092 2027 1104 2071 n
1123 2027 1254 2061 exurat
1278 2028 1305 2059 Β
1323 2027 1336 2070 ss
1356 2031 1398 2061 16
1417 2026 1506 2069 quid

246 2077 271 2106 P
302 2073 314 2116 ss
348 2077 389 2107 19
422 2073 459 2107 in
490 2084 554 2108 om.
586 2076 612 2107 Β
637 2074 649 2117 ΙΙ
676 2077 720 2108 20
749 2083 885 2117 quaeq:
910 2075 949 2107 in
973 2076 999 2106 Β
1018 2073 1030 2117 ΙΙ
1049 2076 1092 2107 21
1119 2071 1246 2106 afferre
1270 2075 1297 2106 Β
1315 2073 1327 2117 ΙΙ
1345 2075 1388 2106 22
1422 2083 1504 2106 oum

246 2122 272 2152 B
291 2120 303 2164 ΙΙ
322 2123 366 2154 23
393 2131 475 2153 eum
499 2122 573 2163 ΔΒ,
606 2130 694 2154 corr
714 2119 772 2154 Ro
791 2124 823 2154 et
840 2120 907 2163 Ri3
933 2120 992 2154 sed
1017 2120 1062 2162 cf.
1090 2121 1171 2163 304,
1197 2120 1339 2163 211124
1364 2117 1427 2162 qui
1451 2120 1508 2163 Ast

247 2170 290 2201 25
323 2177 535 2211 comparare
566 2168 646 2209 ΔΒ,
678 2176 766 2200 corr
791 2166 848 2201 Ro
878 2167 889 2211 ΙΙ
919 2177 966 2200 an
990 2168 1016 2199 Β
1047 2166 1060 2210 ΙΙ
1090 2169 1132 2199 27
1165 2175 1238 2199 non
1267 2164 1504 2209 probavimus

246 2215 326 2256 AB,
359 2223 432 2247 non
463 2212 700 2257 probabimus
726 2215 767 2255 P,
805 2223 894 2247 corr.
922 2212 975 2247 Gr
1005 2214 1016 2257 ΙΙ
1047 2214 1091 2246 28
1118 2210 1324 2246 existimare
1349 2213 1375 2246 Β
1399 2211 1412 2256 ΙΙ
1435 2210 1506 2246 fuit

247 2241 387 2294 certium
411 2262 437 2292 Β
