1604 2488
420 103 802 141 DECLAMATIONE
808 104 842 141 S.
870 103 1126 141 CCLXXXIX.
1331 104 1415 146 157

219 213 471 269 Quaeritur,
512 213 666 270 qui<s>
701 214 759 256 sit
796 227 926 256 eausa
963 213 1130 257 mortis.
1193 216 1417 256 accusator

132 273 254 317 dicit:
297 287 375 330 per
413 287 542 329 quem
579 273 742 316 factum
779 273 855 328 sit,
886 274 936 314 ut
967 272 1126 328 aliquis
1158 275 1418 327 moreretur3

132 333 168 376 si
200 333 316 388 quis,
355 332 471 388 quod
502 334 660 374 natura
692 331 967 374 mortiferum
1000 331 1070 386 sit,
1103 331 1308 375 adversus
1343 332 1419 374 ali—

133 406 262 448 quem
293 391 456 434 feeerit.
498 406 608 447 quae
641 392 679 434 si
710 391 926 447 sequenda
957 391 1153 433 definitio
1186 395 1264 446 est,
1297 405 1417 434 aecu-

131 451 299 494 sabitur
330 453 374 494 et
404 451 497 505 ille,
529 451 604 506 qui
635 451 763 494 alicui
794 450 979 493 suaserit
1009 451 1420 507 peregrinationem,
1446 460 1466 492 5

131 510 228 565 <si>
240 510 392 553 deinde
424 510 461 552 is
494 513 569 552 aut
593 510 821 565 naufragio
846 510 1035 565 perierit,
1067 513 1142 552 aut
1168 510 1418 565 latrocinio,

130 570 216 625 ipsi
247 570 470 612 convictus
501 569 845 624 infamabuntur,
878 584 930 612 ex
961 569 1118 624 quibus
1151 569 1342 612 cruditas
1377 573 1420 612 et

129 629 344 671 interitus.
374 629 488 672 nihil
513 629 649 685 igitur
675 629 746 671 hic
777 629 940 671 factum
966 631 1044 683 est,
1076 629 1190 684 quod
1216 629 1416 671 omnibus

130 688 418 731 mortiferum.
470 703 571 730 nam
604 688 716 731 sieut
746 688 883 730 telum
915 688 1114 730 omnibus
1147 688 1420 731 mortiferum

130 750 217 802 est,
247 747 311 790 ita
342 762 474 790 eausa
503 747 656 790 mortis
690 749 775 802 est,
808 762 918 802 quae
951 747 1108 790 occidit
1133 762 1294 790 omnes.
1350 747 1419 790 de·
1449 758 1492 789 10

132 806 261 850 trahe
279 806 381 850 huic
402 821 613 850 amorem:
632 806 744 849 nihil
765 807 859 861 erit,
878 810 1055 862 propter
1070 807 1183 862 quod
1197 807 1421 850 moriatur.

223 865 336 909 Volo
378 868 526 909 tamen
570 881 744 908 eausam
787 866 928 908 faeere
970 866 1268 909 difficiliorem.
1334 881 1422 909 non

133 925 382 980 deposuerit
413 925 527 980 apud
558 940 626 967 me
658 925 812 980 filiam,
849 925 960 967 nihil
991 926 1273 981 praeceperit:
1312 928 1422 968 tam-

134 998 264 1039 quam
295 984 451 1026 melior
483 985 646 1027 amicus
678 984 906 1027 defendere
936 985 1083 1039 filiam,
1115 986 1161 1026 in
1186 999 1272 1040 qua
1296 988 1422 1039 pater

133 1043 319 1099 furebat,
349 1044 479 1086 volui.
522 1057 613 1086 non
645 1044 760 1086 enim
794 1059 914 1086 amor
945 1046 1049 1098 erat,
1082 1044 1155 1098 qui
1182 1044 1242 1086 sie
1269 1044 1420 1086 stimu-
1450 1055 1492 1086 15

135 1102 270 1145 labat.
331 1102 508 1157 abduxi,
551 1102 776 1145 custodivi.
838 1117 980 1145 nonne
1013 1104 1201 1158 recipere
1232 1118 1320 1146 non
1352 1103 1421 1146 de-

132 1161 248 1216 buit,
290 1162 365 1217 qui
401 1162 549 1217 periit,
591 1162 705 1218 quod
748 1176 838 1204 non
875 1162 1068 1217 recepit?
1112 1177 1202 1205 non
1243 1162 1421 1205 reddidi.

135 1220 330 1263 duxisset
355 1221 400 1263 in
425 1221 504 1276 ius,
530 1235 607 1276 per
631 1221 818 1264 iudicem
846 1224 1032 1276 peteret:
1063 1222 1146 1264 hoe
1173 1222 1210 1264 si
1234 1221 1422 1276 fecisset,

138 1294 236 1322 mea
267 1279 363 1322 laus
395 1283 498 1322 erat.
560 1279 644 1323 Sed
686 1281 872 1323 libenter
913 1281 1033 1323 cedo:
1071 1281 1163 1336 ipse
1196 1281 1300 1323 fecit
1330 1295 1422 1323 rem

140 1338 450 1394 admirabilem,
474 1339 590 1395 feeit,
615 1342 665 1382 ut
690 1340 736 1381 in
761 1339 932 1382 laudem
957 1342 1147 1382 verteret
1164 1340 1247 1383 hoe
1266 1341 1422 1395 ipsum,
1449 1351 1493 1383 20

135 1397 251 1454 quod
275 1399 463 1454 turpiter
489 1399 678 1441 amabat.
726 1414 854 1454 quem
879 1401 973 1441 tum
999 1399 1114 1441 enim
1140 1399 1206 1441 illi
1230 1400 1423 1442 animum

136 1457 271 1500 fuisse
321 1458 503 1513 putatis,
553 1472 648 1500 eum
686 1458 732 1499 in
776 1458 851 1500 illo
895 1458 1042 1501 furore
1085 1458 1227 1501 tenuit
1274 1462 1422 1502 tamen

134 1515 351 1559 adfectum
382 1516 586 1572 patrum?
635 1517 838 1572 perduxit
876 1517 929 1560 ad
968 1518 1174 1571 amicum,
1214 1518 1422 1573 deposuit.

135 1575 222 1631 „At
253 1576 367 1618 enim
398 1577 554 1631 petivit
583 1577 774 1632 postea.“
822 1575 866 1619 Si
900 1577 1093 1619 animum
1124 1577 1244 1620 illius
1277 1578 1423 1620 metiri

134 1635 333 1690 velimus,
370 1635 694 1691 intellegemus,
738 1650 828 1678 non
865 1636 999 1678 fuisse
1037 1637 1291 1692 petiturum,
1335 1637 1421 1679 nisi
1447 1647 1492 1679 25

131 1694 247 1750 quod
284 1695 450 1737 sciebat
490 1709 558 1737 me
601 1695 745 1749 (non)
790 1695 1069 1738 redditurum.
1139 1699 1311 1739 secutus
1356 1699 1422 1738 est

129 1753 254 1796 illum
289 1754 500 1810 impetum
539 1754 672 1796 animi
704 1755 781 1796 sui.
844 1758 915 1811 „at
947 1755 1063 1798 enim
1094 1755 1261 1811 petiitf‘
1301 1755 1419 1798 adice

131 1815 356 1868 praeterea
388 1827 509 1856 suam
539 1828 645 1869 rem,
684 1816 727 1856 et
759 1829 848 1857 non
881 1818 1125 1870 acceperat:
1158 1815 1232 1858 sed
1264 1830 1318 1858 ne
1349 1830 1420 1871 pe-

129 1874 255 1926 teret,
286 1872 557 1927 deposuerat.

228 1944 247 1976 1
274 1940 340 1986 qui
364 1944 405 1986 A,
432 1941 522 1986 quid
545 1945 585 1985 B,
611 1952 705 1978 corr.
731 1943 807 1978 Aer
825 1944 837 1988 ΙΙ
857 1947 877 1978 3
903 1942 1036 1978 mortis
1062 1942 1182 1979 ferum
1207 1946 1238 1978 A
1256 1945 1268 1988 [Ι
1288 1948 1308 1979 6
1334 1943 1422 1991 (si)

130 1986 190 2023 Ro
207 1989 220 2034 ΙΙ
241 1991 261 2023 7
288 1990 377 2024 οοιῖ
402 1991 432 2022 A
456 1989 468 2033 ss
493 1989 692 2024 coniuncto
717 1991 744 2023 Β
764 1990 776 2034 ΙΙ
796 2001 844 2026 cr.
873 1991 930 2024 set
954 1990 1022 2025 int.
1049 1993 1102 2024 Aa
1127 1991 1138 2035 ΙΙ
1166 1994 1208 2026 13
1236 2002 1258 2026 a
1284 1993 1347 2034 Aa,
1374 1992 1423 2026 ad,

131 2037 159 2069 Β
178 2036 191 2082 ΙΙ
217 2038 260 2070 15
286 2034 457 2071 fuerebat
481 2039 535 2070 Aa
553 2037 565 2082 ΙΙ
587 2040 628 2072 17
655 2036 761 2072 reddi
787 2040 840 2071 Aa
864 2038 876 2082 ΙΙ
897 2041 941 2073 18
968 2037 1122 2073 dixisset
1146 2038 1255 2074 unius
1280 2041 1307 2072 B
1327 2040 1339 2085 ΙΙ
1358 2051 1421 2084 pe-

130 2083 211 2119 tere
235 2085 262 2117 B
281 2084 294 2128 ΙΙ
314 2082 346 2118 si
369 2093 436 2119 om.
462 2086 516 2118 Aa
534 2085 545 2130 n
565 2087 610 2118 20
636 2083 674 2118 in
700 2094 767 2119 om.
794 2087 824 2118 Δ
848 2085 861 2131 ΙΙ
888 2089 931 2120 21
959 2085 1058 2120 enim
1084 2096 1150 2122 om.
1178 2089 1204 2120 B
1229 2087 1242 2131 11
1266 2086 1335 2122 illu
1361 2090 1392 2121 A
1409 2087 1422 2133 Η

131 2133 176 2166 22
202 2131 313 2176 putas
331 2133 385 2165 Aa
403 2131 416 2176 11
434 2135 479 2167 23
499 2131 626 2176 posuit
644 2131 781 2176 petivit
799 2135 826 2166 B
845 2132 857 2177 ΙΙ
876 2136 923 2167 24
941 2132 994 2168 ill.
1010 2134 1141 2179 postea
1160 2134 1285 2170 metiri
1298 2136 1325 2168 B
1345 2134 1357 2179 ΙΙ
1376 2138 1420 2170 25

130 2189 166 2213 n.
191 2177 217 2214 f.
244 2177 499 2223 depositurum
524 2178 582 2214 Ro
601 2180 613 2225 ΙΙ
633 2182 678 2214 26
704 2177 834 2228 (non)
859 2181 937 2216 edd.
958 2180 969 2225 [Ι
989 2184 1033 2216 27
1059 2180 1201 2226 prodiit
1226 2181 1302 2227 ΔῘΒ,
1329 2192 1420 2218 corr.

132 2228 229 2261 auct.
255 2227 381 2261 ineert.
407 2238 467 2271 ap.
494 2227 601 2271 Aerss
626 2229 671 2261 28
697 2238 762 2272 pre
789 2228 913 2263 cetera
938 2231 983 2272 A,
1011 2239 1078 2273 pro
1106 2229 1232 2276 cetera
1255 2232 1302 2272 B,
1329 2239 1419 2265 corr.

132 2271 208 2307 Aer
243 2273 256 2318 ss
293 2272 493 2309 sanitatem
518 2276 565 2319 A,
599 2273 762 2310 sanitate
793 2277 837 2319 B,
876 2286 969 2312 corr.
995 2275 1064 2311 Ro.
1104 2288 1154 2312 an
1180 2279 1200 2300 ²³<
1227 2276 1334 2312 adice
1367 2288 1421 2321 pr.

133 2319 309 2355 restituta
334 2321 495 2357 sanitate
522 2321 560 2356 et
584 2331 659 2356 non
684 2322 870 2368 acceperit
895 2324 973 2368 (sec.
988 2323 1078 2368 Aer)
1093 2323 1143 2368 (ἓ)
1164 2325 1175 2369 11
1196 2335 1269 2359 non
1289 2334 1355 2360 om.
1368 2327 1422 2357 Aa.
