1578 2470
356 94 781 141 DECLAMATIONES.
806 93 1080 132 CCCXXXVII.
1273 93 1361 136 329

73 205 254 248 adicere.
305 204 479 248 domum
511 204 757 260 perdidisti:
790 204 937 259 gravis
969 202 1128 245 iniuria
1159 202 1361 246 fortunae

70 279 230 308 novam
259 263 470 307 habitare.
528 264 602 306 sed
634 278 812 306 uxorem
842 262 1086 319 perdidisti:
1118 277 1174 304 ne
1205 262 1251 304 in
1278 262 1360 304 hac

71 324 245 380 quidem
282 323 366 366 tibi
404 323 592 366 multum
624 323 825 365 desiderii
857 324 935 365 est.
996 321 1212 378 quomodo
1245 321 1361 364 enim

71 397 166 439 vos,
199 383 373 438 divites,
402 383 600 438 recipitis
631 381 940 425 matrimonia?
986 381 1210 436 recipitis?
1248 381 1360 423 aliae

70 457 148 486 vos
178 443 356 498 rapiunt
392 442 658 498 voluptates,
694 441 771 484 illa
801 441 1060 495 ministeria,
1097 441 1165 482 illi
1196 440 1359 482 imitati

70 502 255 545 feminas
274 502 415 557 pueri:
441 501 540 544 inde
566 502 626 557 fit,
651 503 701 543 ut
725 516 780 543 ne
805 501 967 543 liberos
993 500 1166 556 quidem
1193 500 1361 542 ametis.

72 575 174 618 ergo
206 564 249 603 te
279 564 464 617 possunt
500 561 639 604 multa
674 560 861 615 hortari,
907 563 1131 615 praeterea
1175 560 1362 602 subeunt

71 621 246 664 solatia:
281 623 324 663 et
348 635 527 663 uxorem
554 620 637 662 tibi
662 620 856 662 invenire
882 619 1009 662 facile
1036 622 1103 661 est
1129 622 1172 661 et
1198 619 1360 661 liberos

70 680 154 723 tibi
185 680 295 723 alios
328 679 508 722 educare
539 679 666 722 facile
699 682 785 734 est3
819 694 907 721 non
937 679 1188 734 relinquunt
1219 676 1360 720 dolori

71 739 216 782 locum
247 742 316 782 tot
341 739 625 782 circumfusae
656 739 919 794 voluptates.
949 737 1047 794 Ego
1080 738 1187 780 haec
1213 737 1359 780 omnia

70 813 225 855 passus
269 814 365 842 sum
409 813 586 854 pauper.
653 798 690 840 si
735 798 939 853 dicerem,
982 812 1148 854 pauper
1184 797 1360 839 domum

70 858 256 914 perdidi:
300 860 452 900 exutus
495 861 645 900 tamen
684 858 801 900 omni
840 871 970 900 censu
1008 857 1188 899 viderer.
1258 869 1360 911 quo-

71 917 200 960 modo
233 918 348 960 enim
373 917 453 959 illa
478 917 591 972 apud
619 931 686 958 me
712 916 1012 959 remanserat?
1051 916 1153 971 quia
1177 918 1361 971 paterna

70 979 175 1019 erat.
235 991 402 1031 pauper
438 976 597 1018 liberos
637 975 822 1031 perdidi,
859 990 1024 1031 pauper
1054 989 1235 1017 uxorem
1266 988 1359 1029 per-

69 1035 177 1077 didi:
210 1036 328 1078 solus
360 1036 536 1078 relictus
570 1050 682 1089 sum,
715 1035 833 1077 solus
864 1035 1100 1077 destitutus
1128 1049 1234 1076 sum.
1282 1033 1360 1075 ini-

69 1094 229 1137 micum
255 1094 434 1138 divitem
459 1094 612 1137 habeo.
656 1094 796 1138 adhuc
822 1094 921 1136 odia
945 1094 1035 1147 illa,
1068 1108 1178 1149 quae
1206 1096 1359 1136 contra

68 1169 137 1196 me
169 1154 326 1197 cotidie
358 1154 487 1209 acuit,
518 1154 675 1196 fortius
708 1153 977 1196 sustinebam
1007 1168 1083 1208 spe
1109 1153 1358 1195 liberorum.

69 1213 158 1255 iam
202 1213 311 1256 mihi
351 1213 530 1256 iuvenes
575 1216 715 1268 erant,
766 1214 856 1255 iam
899 1216 1069 1268 patrem
1112 1212 1358 1254 tuebantur.

69 1272 243 1315 etiamsi
283 1272 453 1328 quando
492 1287 560 1314 me
597 1273 833 1315 aemulatio
871 1274 1023 1314 nostra
1053 1272 1100 1314 in
1130 1272 1226 1314 foro
1258 1271 1357 1313 fati—

71 1334 268 1389 gaverat,
312 1334 423 1386 erat,
467 1346 576 1387 quae
615 1332 849 1387 exciperet,
892 1332 1058 1375 coniux.
1122 1332 1157 1373 si
1196 1331 1243 1373 in
1274 1330 1358 1373 hoc

71 1391 329 1434 consisteret
358 1393 454 1434 tota
485 1391 552 1445 lis,
585 1406 640 1432 an
671 1391 778 1433 mihi
804 1405 937 1448 grave
963 1393 1077 1433 esset
1100 1391 1258 1444 vivere,
1291 1390 1359 1433 vel

69 1465 156 1492 uno
195 1452 452 1507 argumento
490 1450 676 1505 probare
712 1453 911 1506 poteram
943 1466 1019 1492 —:
1060 1450 1260 1492 inimicus
1293 1463 1361 1491 me

68 1510 164 1551 vult
203 1509 364 1552 vivere:
401 1509 514 1552 hanc
551 1524 683 1551 unam
722 1510 861 1553 adhuc
898 1510 1089 1552 destinat
1127 1509 1238 1552 odiis
1271 1509 1359 1551 suis

70 1569 293 1611 ultionem.

159 1627 247 1671 Cur
283 1628 399 1670 enim
437 1628 576 1670 dicere
609 1628 770 1683 aliquid
802 1643 932 1670 ausus
965 1627 1094 1670 sum?
1145 1642 1220 1670 cur
1251 1627 1360 1669 mihi

71 1690 320 1744 suspectum
345 1687 441 1743 fuit,
472 1688 587 1743 quod
612 1687 843 1730 fortissimi
868 1687 1028 1730 milites
1055 1686 1360 1730 vincerentur?

72 1761 148 1789 cur
178 1746 430 1803 indignatus
464 1762 559 1789 sum
593 1761 741 1789 eorum
771 1747 838 1790 bis
863 1750 988 1802 terga
1015 1761 1154 1802 caesa,
1186 1746 1260 1802 qui
1285 1761 1361 1802 po-

67 1807 215 1848 terant
254 1806 388 1849 etiam
426 1806 494 1848 bis
539 1806 645 1848 victi
683 1809 832 1849 tamen
874 1805 1077 1849 vincere?
1138 1806 1361 1861 intellego,

70 1865 231 1908 aversis
264 1865 441 1908 auribus
474 1866 611 1921 accipi
642 1866 754 1908 hanc
785 1868 955 1921 partem
988 1866 1210 1908 orationis.
1257 1865 1362 1907 vicit

70 1924 184 1966 enim
217 1927 262 1967 et
291 1925 401 1967 bene
433 1925 565 1967 etiam
598 1925 778 1967 meritus
811 1925 862 1967 de
893 1939 939 1967 re
961 1925 1134 1980 publica
1164 1924 1361 1966 habetur.

73 1987 117 2026 et
147 1982 230 2026 hoc
260 1984 375 2026 inter
406 1998 558 2026 causas
590 1984 744 2026 mortis
778 1987 855 2026 est.

164 2104 187 2135 4
213 2111 279 2136 vos
305 2111 370 2136 om.
387 2103 414 2134 B
434 2100 446 2145 ΙΙ
465 2099 594 2135 divitis
608 2103 675 2134 AB
695 2101 706 2145 ΙΙ
726 2100 892 2146 recipitis
918 2103 958 2141 A.
985 2100 1173 2146 recipiunt
1196 2103 1236 2144 B,
1255 2100 1363 2144 *fort.

68 2148 387 2194 excludendumlie
405 2147 624 2184 seducareA
643 2149 655 2193 ΙΙ
677 2153 718 2183 11
735 2160 815 2183 sum
831 2151 934 2184 om.B
954 2148 965 2193 11
988 2152 1029 2183 13
1044 2148 1143 2193 apud
1155 2151 1363 2191 remanst,

72 2195 173 2241 apud
197 2198 236 2232 te
261 2207 376 2231 mans.
404 2199 431 2229 P
450 2197 462 2241 Η
484 2199 526 2230 18
552 2198 660 2240 pater
684 2198 749 2239 Aa,
775 2196 903 2241 patere
931 2199 984 2230 Ab
1003 2197 1015 2241 Η
1035 2199 1080 2230 20
1106 2195 1267 2231 coniunx
1292 2198 1364 2240 Aa}

73 2245 118 2278 23
146 2242 333 2279 destinato
360 2242 432 2278 diis
458 2245 517 2289 Bu
542 2246 587 2278 27
615 2254 744 2278 eorum
768 2243 826 2279 bis
852 2254 979 2279 eorum
1007 2243 1144 2279 bisAa.
1162 2244 1174 2289 ΙΙ
1193 2247 1238 2279 29
1265 2243 1364 2278 acci-

70 2289 129 2335 pit
152 2293 220 2324 AB
239 2291 251 2336 ΙΙ
270 2295 312 2326 31
339 2291 367 2337 D
397 2291 439 2327 in
463 2302 578 2337 mary.
605 2293 635 2324 A

1390 745 1433 776 10

1390 1042 1431 1072 15

1385 1339 1432 1370 20

1387 1636 1432 1667 25

1388 1933 1435 1964 30
