1604 2488
421 108 848 157 DEOLAMATIONES.
874 118 1096 156 cccxxw.
1313 117 1400 161 283

527 239 982 285 DEOLAMATIO.

197 323 589 380 Existimaveram,
639 324 820 379 iudices,
864 326 1143 367 consecutum
1194 336 1288 365 esse
1331 337 1401 365 me

107 382 192 427 hoc
223 383 402 439 saltem,
432 387 481 426 ut
514 384 723 440 sanguine
754 398 850 427 meo
883 385 1056 426 servata
1089 382 1241 425 civitas
1275 381 1402 424 datae

110 442 266 486 salutis
298 445 426 498 grata
457 443 744 498 meminisset3
777 445 906 499 atque
938 457 988 485 eo
1020 441 1176 497 magis,
1208 441 1323 497 quod
1353 441 1402 483 fi-

107 501 193 544 lius
224 516 347 544 meus
378 517 466 545 non
496 503 756 546 necessitate
788 502 1042 544 immolatus
1075 504 1184 556 erat,
1224 501 1297 543 sed
1328 515 1403 544 vo-

106 559 288 604 luntate.
349 575 499 604 verum
530 562 612 605 hoc
645 561 750 604 adeo
783 562 830 604 in
861 561 1127 604 contrarium
1159 560 1309 615 cessit,
1352 563 1402 603 ut

106 619 274 664 inventi
311 621 399 663 sint
437 621 485 663 in
521 621 604 664 hoc
641 621 822 677 populo,
861 621 953 676 qui,
990 634 1081 663 rem
1112 620 1259 662 nescio
1291 619 1401 662 indi-

107 679 267 736 gnitate
298 680 438 736 magis
471 680 699 723 dolendam
726 695 782 723 an
812 681 1007 723 vanitate
1038 679 1276 734 ridendam,
1308 679 1402 722 obi-

103 739 225 782 ciant
255 739 424 782 homini
454 740 766 796 pestilentiam.
798 741 842 782 et
872 739 1112 782 remedium
1144 738 1291 781 deberi
1318 738 1400 780 diis

107 798 431 846 immortalibus
462 802 634 855 putant,
666 799 703 842 si
735 799 836 854 quid
867 813 969 842 vero
998 798 1119 853 passi
1145 813 1292 840 sumus
1319 797 1402 840 tali

106 857 297 900 remedio
329 857 528 914 dignum,
559 862 735 902 nostrae
767 858 1015 901 infirmitati
1048 857 1400 913 adsigna[bi]tur.

633 974 869 1033 enarro

194 1058 304 1101 Fere
337 1059 658 1102 commendatio
691 1074 768 1115 per
799 1060 906 1102 haec
937 1059 1125 1114 petenda
1158 1059 1258 1114 erit,
1290 1073 1400 1114 quae

105 1117 174 1160 illi
212 1117 473 1161 difficillima
510 1121 587 1161 est.
650 1119 764 1174 quod
803 1119 857 1162 ad
888 1119 1164 1174 quaestiones
1196 1118 1401 1174 pertinet,

104 1177 271 1232 primae
309 1191 557 1220 communes
591 1181 692 1220 sunt
723 1178 812 1221 fere
846 1178 1047 1221 omnibus
1080 1177 1400 1233 controversiis,

106 1250 216 1292 quae
251 1235 335 1279 hac
370 1237 469 1292 lege
501 1238 791 1280 continentur.
854 1237 1143 1292 quaerendum
1176 1238 1242 1278 est
1273 1236 1401 1291 enim,

106 1295 210 1350 quid
242 1295 301 1338 sit
331 1295 501 1338 laedere
532 1310 624 1338 rem
656 1297 898 1353 publicam3
931 1299 974 1338 et
1004 1296 1134 1351 paulo
1166 1295 1324 1337 fortius
1355 1296 1402 1337 in

104 1354 188 1397 hac
221 1355 534 1407 controversia,
573 1356 618 1398 in
658 1370 744 1411 qua
774 1358 963 1398 tractum
995 1369 1088 1397 esse
1120 1354 1401 1410 pestilentiae

106 1414 272 1456 malum
302 1413 387 1456 hoc
416 1414 566 1457 nuntio
598 1414 877 1457 manifestum
910 1417 986 1457 est.

525 1529 980 1578 DECLAMATIO.

195 1613 355 1657 Postea
396 1628 498 1671 ergo
531 1629 707 1657 causam
738 1615 880 1670 ipsam
913 1615 1211 1670 defendemus,
1248 1616 1401 1670 postea

105 1673 270 1717 factum
297 1674 714 1717 commendabimus:
745 1675 921 1716 interim
949 1675 1056 1717 satis
1083 1676 1160 1730 est,
1191 1688 1281 1716 non
1306 1688 1401 1716 esse

1430 806 1474 839 10

1429 1185 1472 1217 15

1428 1539 1473 1572 20

105 1747 175 1776 me
205 1733 288 1776 hac
318 1733 427 1789 lege,
459 1748 544 1789 qua
570 1733 750 1788 deferor,
781 1736 1021 1776 nocentem.
1071 1748 1175 1776 sane
1202 1733 1401 1788 credatis,
1428 1752 1443 1766 υ

105 1793 314 1848 imputari
340 1791 449 1835 mihi
474 1807 602 1848 posse
629 1793 788 1835 civium
813 1796 996 1836 mortes:
1029 1795 1130 1835 sunt
1154 1793 1262 1848 iura,
1290 1807 1399 1848 quae

105 1851 223 1894 istud
272 1851 518 1895 defendant.
588 1866 677 1894 non
727 1867 819 1895 esse
871 1852 1121 1907 explicitam
1164 1852 1398 1908 legationis

105 1910 234 1952 fidem
260 1910 422 1953 dicitis:
447 1911 583 1954 habet
609 1911 718 1954 haec
742 1926 911 1967 quoque
931 1912 1003 1954 lex
1023 1911 1240 1953 actionem
1261 1925 1398 1966 suam,

203 2030 224 2061 2
251 2026 540 2062 aestimaveram
565 2029 644 2071 AB,
671 2036 763 2063 corr.
789 2027 866 2062 Aer
895 2027 908 2071 ΙΙ
939 2031 960 2062 3
987 2026 1076 2062 data
1101 2029 1128 2060 B
1161 2027 1172 2071 ΙΙ
1203 2029 1226 2062 4
1251 2027 1402 2072 grata

105 2076 138 2108 Δ
155 2074 169 2119 {1
186 2073 311 2119 gratia
334 2076 362 2107 B
381 2074 393 2119 ΙΙ
414 2074 606 2110 eminisset
629 2077 668 2118 Β,
696 2073 848 2110 emisset
871 2078 898 2108 P
917 2075 929 2120 n
949 2084 1061 2119 quam
1086 2076 1139 2108 Aa.
1158 2074 1170 2119 ΙΙ
1190 2078 1211 2110 6
1238 2075 1277 2110 et
1301 2076 1329 2108 Β
1348 2075 1401 2120 ΙΙΊ

105 2119 367 2166 indignatione
393 2124 477 2164 ΔΡ,
502 2120 804 2167 indignationem
828 2125 877 2165 Β,
909 2132 1002 2158 corr.
1029 2121 1085 2157 Gr
1115 2122 1127 2167 ΙΙ
1158 2125 1180 2158 8
1204 2121 1403 2157 ridendum

106 2170 136 2203 Β
154 2168 167 2214 ΙΙ
187 2172 231 2204 10
256 2169 391 2214 putent
416 2171 502 2213 ΔΒ,
530 2180 621 2205 cor-r
649 2168 708 2204 Ro
726 2169 738 2214 ss
759 2172 801 2204 11
829 2168 1091 2205 adfirmabitur
1116 2171 1165 2213 Δ,
1192 2167 1401 2224 assignabi-

106 2216 169 2251 tur
193 2219 220 2250 Β
246 2181 281 2252 eItJ
303 2217 398 2260 edd„
431 2197 523 2253 corin
550 2216 608 2252 Ro
634 2218 646 2262 ΙΙ
674 2220 717 2252 18
742 2217 947 2252 tractatum
972 2219 1002 2251 A
1020 2217 1033 2262 ll
1054 2219 1097 2251 19
1123 2216 1298 2252 nuntium
1323 2219 1402 2260 ΑΒ,

108 2272 199 2299 om.
226 2263 303 2300 Aer
333 2265 349 2357 q
377 2267 422 2299 21
454 2265 568 2300 istam
600 2266 627 2298 B
658 2265 671 2309 ΙΙ
703 2267 747 2299 22
781 2264 1123 2300 commendavimus
1155 2267 1186 2298 A
1215 2265 1228 2310 ΙΙ
1258 2268 1303 2299 26
1330 2263 1403 2298 1106

106 2311 223 2344 Β-Ρ
240 2311 254 2356 n
271 2310 331 2346 lex
374 2310 422 2346 lis
448 2311 506 2347 Ro

1428 1859 1473 1892 25
