1604 2488
120 742 163 773 10

121 1021 162 1062 15

120 1320 164 1351 20

118 1713 163 1746 25

194 104 277 145 166
671 102 971 145 QUINTILIANI

189 211 360 252 meliam
391 211 522 251 tuam.
560 209 667 250 nihil
698 209 778 250 tibi
808 209 876 250 lex
907 207 1148 262 profuisset,
1179 208 1217 250 si
1247 208 1441 250 abolitio-

188 283 285 310 nem
323 268 515 322 petisses.
570 281 680 309 nunc
713 267 795 308 duo
827 266 1015 308 vindicas
1047 266 1251 320 praemia,
1288 269 1336 308 ut
1366 280 1442 308 nec

189 340 359 368 causam
397 325 510 367 dicas
549 328 591 366 et
626 325 844 367 hominem
874 324 1053 366 occidas.
1113 337 1214 380 ergo
1244 337 1332 366 non
1362 325 1445 365 uti-

188 398 268 438 que
299 383 652 437 comprehensum
681 383 727 424 in
751 382 940 437 praemio
966 384 1041 436 est,
1072 382 1219 424 statim
1243 383 1442 436 accipere,

190 444 231 483 et
262 441 456 496 quotiens
488 440 654 483 nullum
683 440 953 495 praefinitum
984 441 1049 481 est
1079 441 1266 494 tempus,
1295 439 1445 493 incipit

189 514 281 541 esse
311 499 355 540 in
385 501 596 553 potestate
628 499 782 540 dantis.
843 499 879 539 si
914 497 1193 540 abolitionem
1223 497 1354 552 petis,
1385 497 1444 538 al-

188 560 327 598 terum
358 557 594 612 praemium
620 559 695 599 est.
743 556 803 598 Et
827 556 945 598 cuius
970 555 1142 598 tandem
1165 554 1311 598 iudicii
1333 555 1444 609 petis

189 614 494 657 abolitionem?
519 629 606 657 non
637 615 805 668 privata
836 614 1085 668 disceptatio
1112 613 1228 655 venit
1251 613 1296 655 in
1321 626 1446 667 quae·

189 674 388 726 stionem,
418 687 505 714 non
534 672 794 727 pecunia<e>
826 671 897 725 lis,
929 685 1183 726 quamquam
1214 672 1314 713 tunc
1345 684 1446 726 quo-

188 745 268 785 que
287 731 402 786 leges
423 730 761 780 commendarem
782 732 824 771 et
843 743 1004 772 morem
1022 729 1275 771 iudiciorum
1290 743 1362 770 —:
1393 742 1446 769 ne

188 789 328 844 agaris
375 801 487 843 reus,
530 788 734 843 postulas.
801 787 855 830 ad
899 802 1109 829 summam
1150 787 1213 828 rei
1252 786 1445 842 publicae

187 847 385 901 pertinet.
429 846 522 888 dico
547 846 762 900 proditum
787 846 1004 900 populum,
1035 845 1127 887 dico
1152 848 1320 899 tempus
1345 857 1444 886 con-

189 905 399 946 stitutum.
459 904 711 957 quantulum
758 906 839 958 est,
883 906 931 945 ut
971 903 1132 958 neges?
1182 903 1220 944 si
1262 902 1444 944 maxime

187 963 383 1015 festinas,
427 962 538 1016 apud
580 962 658 1003 hos
694 962 812 1015 ipsos
855 962 926 1016 agi
968 961 1053 1002 iam
1095 961 1256 1015 potuit3
1301 959 1447 1002 eadem

187 1020 268 1062 hac
299 1034 430 1074 mora,
461 1034 543 1074 qua
573 1020 789 1072 reicimur‚
826 1019 966 1073 potuit
995 1018 1276 1074 pronuntiari.
1335 1016 1445 1059 nihil

189 1081 264 1132 est,
291 1078 402 1132 quod
427 1077 592 1131 timeas,
624 1078 660 1118 si
685 1077 884 1119 innocens
911 1091 967 1119 es.
1004 1076 1160 1119 accesit
1183 1075 1264 1117 tibi
1289 1089 1446 1130 magna

187 1150 287 1190 pars
318 1135 565 1190 patrocinii:
597 1135 764 1177 fortiter
793 1135 945 1176 fecisti.
995 1149 1121 1188 super
1151 1134 1270 1175 illam
1300 1135 1445 1188 poten·

187 1194 293 1236 tiam
330 1194 574 1235 divitiarum
624 1193 739 1235 venit
779 1207 890 1234 nova
938 1192 1094 1247 gratia3
1149 1205 1225 1234 nec
1268 1190 1446 1245 potuisti

189 1252 327 1306 magis
359 1251 559 1306 experiri,
597 1253 801 1305 quantam
838 1250 918 1292 tibi
956 1250 1142 1304 gratiam
1182 1248 1331 1291 fecerit
1362 1247 1447 1290 ista

190 1310 365 1351 militia:
397 1311 578 1351 mortem
604 1308 863 1350 accusatoris
889 1308 1079 1363 accipere
1109 1306 1299 1362 potuisti.
1346 1305 1447 1361 quid

189 1370 254 1410 est
293 1368 426 1422 istud,
459 1367 571 1421 quod
607 1381 693 1408 non
730 1369 855 1421 putas
889 1365 1035 1407 eadem
1067 1365 1207 1421 gratia
1238 1363 1444 1419 inpetrari

188 1440 312 1480 posse
343 1429 461 1468 tuam
494 1424 703 1467 salutem?

698 1550 926 1593 SERMO.

274 1643 325 1685 In
350 1658 515 1685 summa
544 1646 666 1698 parte
698 1658 830 1697 paene
854 1643 963 1685 irate
989 1643 1094 1685 dicet
1119 1642 1189 1684 hic
1215 1644 1445 1684 accusator.

187 1716 287 1744 nam
320 1702 497 1743 subinde
528 1702 766 1756 interponet
798 1701 1117 1754 [Declamatio]:
1147 1700 1212 1741 »si
1237 1699 1379 1753 vultis,
1410 1698 1446 1740 si

187 1763 331 1803 vestra
367 1762 563 1814 interest,
601 1759 702 1814 quid
739 1759 792 1801 ad
823 1773 908 1813 me,
948 1759 1019 1813 qui
1049 1758 1262 1814 periturus
1295 1756 1445 1798 sum?«

281 1879 301 1910 2
327 1874 453 1909 vincas
478 1877 531 1908 Aa.
549 1875 559 1918 ΙΙ
579 1878 601 1908 4
627 1873 793 1909 occidere
817 1875 896 1916 AB,
922 1882 1011 1908 corr.
1037 1872 1094 1908 Ro
1112 1874 1124 1917 {l
1144 1876 1162 1907 7
1189 1871 1362 1917 primium
1386 1874 1416 1904 A
1435 1884 1445 1915 s

187 1925 208 1956 8
234 1921 452 1957 oblitionem
469 1924 499 1954 A
517 1922 528 1965 ΙΙ
548 1919 791 1964 disceptatior‘i
818 1921 876 1964 (=
895 1919 1002 1963 (ΜΕ)
1026 1922 1052 1952 Β
1071 1920 1083 1963 ΙΙ
1102 1923 1122 1953 9
1147 1917 1349 1963 pecunialis
1369 1919 1445 1960 ΔΒ,

188 1979 278 2004 corr.
304 1968 379 2003 Aer
409 1969 420 2012 ΙΙ
452 1971 491 2001 11
519 1978 622 2002 reum
646 1969 720 2008 AB,
747 1977 836 2001 corr.
862 1966 936 2001 Aer
966 1966 977 2010 ΙΙ
1010 1969 1051 1999 12
1078 1964 1277 2000 constitum
1301 1967 1331 1998 A
1360 1964 1371 2007 ss
1403 1967 1446 1998 14

189 2015 342 2050 aeadem
367 2017 413 2056 A,
439 2025 484 2048 ae
509 2013 636 2048 eadem
660 2015 687 2046 B
707 2015 717 2058 ΙΙ
737 2016 781 2047 15
805 2012 975 2047 reicimus
999 2014 1040 2054 A,
1065 2011 1167 2047 reiioi
1191 2022 1268 2046 mas
1291 2013 1331 2054 B,
1355 2021 1445 2046 corr.

190 2061 247 2096 Ro
271 2062 283 2105 ΙΙ
311 2064 351 2095 17
378 2060 480 2106 pars]
507 2071 588 2104 spes
614 2059 660 2104 (ἓ)
685 2059 743 2094 Ro
773 2060 784 2103 ΙΙ
811 2063 854 2094 18
879 2070 914 2093 n.
939 2057 1059 2102 gloria
1083 2056 1204 2102 gratia
1227 2059 1278 2091 Βι
1295 2058 1306 2102 ΙΙ
1327 2059 1368 2091 19
1394 2055 1445 2090 fe-

190 2107 274 2143 cisti
297 2109 351 2140 Aa
369 2107 379 2150 ΙΙ
399 2110 444 2141 20
468 2105 612 2141 malitia
635 2109 688 2139 Aa
706 2107 717 2150 ΙΙ
736 2106 873 2140 motem
896 2108 923 2138 B
947 2105 959 2150 ΙΙ
983 2108 1028 2139 24
1051 2103 1091 2139 111
1114 2114 1295 2138 summum
1320 2105 1446 2147 aperte

190 2163 306 2198 paene
331 2156 378 2196 A,
412 2153 451 2187 in
477 2163 655 2187 summam
679 2153 830 2197 apertae
854 2161 994 2196 poenae
1017 2153 1054 2193 Β,
1080 2160 1170 2185 corr.
1196 2149 1272 2193 Ro;
1295 2149 1446 2192 fortasse

190 2200 361 2245 *[paene]
381 2200 391 2244 ΙΙ
411 2203 455 2233 24
468 2198 560 2234 dicit
572 2202 602 2232 A
613 2202 651 2242 Β,
665 2209 754 2234 corr.
769 2198 826 2234 Ro
844 2199 855 2243 ΙΙ
875 2201 919 2233 25
932 2197 1179 2242 interponitA‚
1192 2192 1237 2231 it'
1251 2195 1391 2240 potitur
1402 2195 1448 2240 ΒΗ

191 2250 234 2281 25
262 2245 524 2292 [Declamatio]
550 2245 607 2281 Ro
626 2247 637 2290 ll
656 2249 701 2280 26
726 2249 793 2280 ura
816 2247 846 2278 A
864 2246 876 2288 ΙΙ
894 2244 1076 2290 periturus
1102 2243 1197 2288 sum]
1222 2253 1365 2277 rursum
1389 2244 1415 2275 Β
