1604 2488
470 112 894 151 DECLAMATIONES.
921 112 1104 149 CCLXIV.
1372 111 1428 154 79

139 229 305 280 tamen,
347 223 507 268 duabus
544 237 640 266 cum
684 222 903 265 heredibus
941 235 1034 264 esse
1070 221 1205 264 litem.
1268 235 1428 276 quaero

139 284 275 340 igitur
307 283 363 327 ab
390 283 487 326 istis
494 316 506 338 ,
537 285 681 325 utram
707 282 886 338 eligant,
917 294 1009 324 cum
1036 295 1121 336 qua
1147 280 1304 323 malint
1329 294 1428 323 con-

142 344 306 387 sistere.
366 357 508 399 neque
552 342 667 385 enim
710 341 890 398 litigant
932 341 984 383 de
1027 341 1241 384 bonorum
1291 343 1429 396 parte,

141 403 214 446 sed
247 405 388 446 totum
421 404 611 458 arguunt
643 403 966 444 testamentum.

230 461 492 517 Incipiamus
524 460 661 517 igitur
692 460 746 503 ab
780 475 842 515 ea,
873 474 982 516 quae
1013 459 1134 515 prior
1161 460 1322 515 scripta
1349 462 1427 500 est.
1454 470 1477 501 5

142 521 244 578 quid
275 521 321 564 in
352 520 435 563 hac
466 523 588 573 parte
614 520 865 563 testamenti
892 520 1097 562 vitiosum
1124 518 1220 561 est?
1253 521 1428 561 vetatur

140 581 241 637 plus
275 595 406 636 quam
450 579 673 622 dimidiam
704 582 875 635 partem
912 579 1125 622 bonorum
1164 578 1428 634 relinquere:

141 639 365 683 dimidiam
409 642 577 694 partem
619 639 871 694 patrimonii
917 639 1086 694 accipit.
1163 638 1429 680 excutiemus

140 702 314 756 postea,
349 699 475 755 quale
514 699 573 741 sit
608 698 732 754 illud,
770 698 884 754 quod
925 700 1205 741 consecutum
1236 699 1319 740 est:
1364 697 1428 739 in-

139 759 268 802 terim
306 758 389 802 hoc
426 759 492 801 ius
529 758 700 800 firmum
739 762 824 814 est,
861 772 940 801 nec
978 757 1112 800 everti
1150 757 1429 812 sequentibus
1458 767 1504 799 10

141 821 297 874 potest.

229 878 316 933 „At
347 878 462 920 enim
493 877 559 919 ius
591 877 668 919 illa
700 877 872 931 quidem
908 876 1063 919 habuit
1094 875 1310 931 capiendi:
1356 875 1430 918 sed

141 951 209 992 ea,
252 950 361 992 quae
397 938 551 991 postea
583 936 748 991 scripta
779 938 863 991 est,
905 950 993 978 non
1022 935 1214 978 habuitf‘
1270 936 1429 977 iterum

141 996 440 1052 interrogabo:
467 995 629 1051 quare?
660 995 890 1051 „quoniam
916 995 1014 1050 plus
1053 1009 1185 1050 quam
1205 994 1430 1036 dimidiam

140 1058 311 1110 partem
354 1054 606 1110 patrimonii
638 1055 881 1110 relinquere
912 1054 1098 1097 feminae
1129 1069 1217 1097 non
1249 1053 1432 1109 potuit.“
1459 1064 1503 1097 15

140 1115 278 1170 Atqui
314 1114 421 1157 haec
459 1128 628 1169 quoque
665 1129 755 1157 non
791 1115 890 1169 plus
928 1129 1058 1169 quam
1090 1113 1269 1156 dimidia
1305 1115 1430 1169 parte

141 1174 394 1229 patrimonii
425 1174 550 1216 heres
583 1173 787 1216 instituta
818 1176 896 1216 est.
939 1188 1018 1217 nec
1049 1173 1173 1216 video
1205 1173 1431 1227 rationem,

143 1247 218 1276 cur
260 1233 325 1288 id,
368 1233 483 1289 quod
526 1233 589 1275 illi
635 1247 787 1288 capere
831 1233 973 1287 licuit,
1017 1233 1117 1275 huic
1158 1247 1247 1275 non
1282 1232 1432 1287 liceat,

143 1306 241 1335 cum
271 1292 317 1334 in
349 1292 499 1335 eodem
532 1292 695 1347 scripta
728 1293 786 1335 sit
816 1295 1093 1335 testamento.
1149 1291 1432 1334 manifestum

143 1355 222 1406 est,
252 1351 363 1394 nihil
395 1366 526 1407 posse
557 1352 802 1394 calumniae
828 1351 1060 1394 admittere
1086 1351 1218 1394 verba
1244 1351 1355 1407 legis
1383 1364 1432 1393 ac
1458 1362 1503 1395 20

143 1411 361 1465 scriptum.

231 1468 358 1513 Nunc
398 1469 653 1524 peritissimi
684 1470 826 1512 litium
859 1469 1056 1512 homines
1090 1469 1144 1512 ad
1174 1470 1433 1524 interpreta-

143 1530 310 1572 tionem
352 1543 432 1571 nos
471 1529 577 1571 iuris
617 1529 845 1572 adducunt.
910 1544 998 1572 non
1036 1529 1151 1571 enim
1188 1529 1302 1571 hanc
1340 1543 1432 1571 esse

143 1588 255 1644 legis
282 1588 563 1640 voluntatem,
595 1603 704 1644 quae
732 1589 874 1630 verbis
901 1588 1169 1644 ostendatur,
1199 1588 1336 1631 videri
1362 1603 1432 1631 vo-

144 1648 252 1691 lunt.
314 1662 499 1704 quorum
531 1661 612 1704 ego
643 1647 930 1703 prudentiam,
960 1648 1136 1704 iudices,
1167 1662 1432 1704 magnopere
1459 1659 1504 1691 25

143 1707 296 1750 miror:
326 1710 498 1750 tantum
530 1707 726 1750 vicerunt
756 1707 857 1750 illos
891 1707 1075 1750 maiores
1107 1711 1302 1763 nostros,
1332 1708 1431 1750 illos

143 1766 452 1810 constitutores
487 1766 606 1822 iuris,
636 1767 750 1822 illos,
782 1767 856 1822 qui
887 1767 1039 1809 rudem
1073 1767 1294 1810 civitatem
1326 1767 1433 1823 legi-

144 1826 226 1868 bus
259 1841 308 1869 ac
340 1826 432 1868 iure
464 1826 722 1881 formarunt,
752 1830 802 1868 ut
832 1826 914 1870 hoc
940 1827 1183 1883 approbare
1210 1829 1433 1881 conentur,

143 1885 331 1928 defuisse
353 1885 423 1927 his
445 1899 699 1940 sermonem,
727 1885 915 1928 defuisse
935 1886 1177 1928 consilium.
1211 1886 1274 1928 Ac
1294 1886 1432 1941 prius-

145 1959 274 2000 quam
316 1944 531 1986 rationem
575 1944 714 2000 ipsius
756 1945 865 2001 legis
905 1946 1092 2000 excutio,
1136 1945 1311 1987 interim
1350 1945 1433 1987 hoc
1460 1956 1506 1988 30

243 2089 261 2120 1
288 2085 395 2120 vobis
422 2096 507 2121 cum
532 2085 678 2132 legibus
706 2096 787 2120 esse
812 2085 836 2121 l.
863 2088 903 2130 Δ,
930 2085 1038 2121 nobis
1059 2096 1090 2122 c.
1116 2086 1140 2120 l.
1167 2097 1198 2121 e.
1226 2085 1248 2121 l.
1275 2088 1314 2131 B,
1341 2096 1432 2122 corr.

147 2131 202 2168 Gr
219 2133 232 2178 Η
252 2136 273 2168 2
298 2132 339 2167 in
365 2143 438 2177 qua
463 2135 540 2179 AB,
566 2144 658 2170 corr.
681 2132 752 2169 Sch
772 2133 822 2177 113
850 2145 918 2169 nec
944 2135 970 2166 B
991 2135 1002 2178 ΙΙ
1023 2137 1042 2169 7
1069 2133 1263 2169 dimidiam
1289 2135 1434 2179 partem

948 2188 966 2207 8

145 2214 326 2250 bonorum
351 2215 562 2260 relinquere
588 2227 654 2252 om.
682 2218 708 2249 B
741 2216 752 2260 ΙΙ
784 2218 805 2251 8
831 2215 971 2262 accipit
995 2219 1043 2260 Δ,
1070 2216 1191 2262 accipi
1216 2219 1262 2261 B,
1288 2216 1434 2262 accepit

147 2260 218 2297 Sch
236 2263 248 2307 ΙΙ
267 2266 287 2297 9
313 2263 436 2308 qualis
461 2266 488 2297 Β
514 2265 527 2308 ΙΙ
555 2267 598 2299 10
623 2264 695 2299 hoc
720 2263 906 2298 infirmum
932 2267 962 2298 Δ
981 2264 993 2309 ΙΙ
1011 2264 1108 2298 verti
1133 2266 1160 2297 B
1180 2266 1191 2309 ΙΙ
1213 2268 1255 2299 12
1282 2264 1431 2309 quidem

146 2307 215 2344 illa
239 2311 314 2354 AB,
339 2321 429 2346 corr.
457 2310 514 2346 Ro
535 2312 546 2356 Η
566 2314 612 2346 20
638 2311 703 2346 *ac
728 2311 859 2356 scripti
886 2314 926 2356 Δ,
954 2311 1118 2356 ascripta
1143 2314 1169 2344 Β
