1578 2470
430 95 858 133 DECLAMATIONES.
885 95 1121 133 CCCLXXII.
1340 97 1396 139 41
1406 99 1426 138 1

139 221 260 249 meus
293 220 426 260 esses,
458 206 704 250 debilitavi:
748 221 852 248 num
883 221 962 261 per
993 206 1170 249 vinum?
1211 222 1321 249 num
1352 221 1429 262 per

138 265 362 309 furorem?
399 281 504 308 num
535 266 704 309 iratus?
748 266 856 308 talio
889 266 1071 309 iniuriae
1104 267 1214 309 ultio
1247 269 1326 309 est.
1384 266 1430 307 in

138 325 223 368 hoc
261 325 423 380 scripta
462 327 529 368 est
566 325 654 381 lex,
697 340 750 368 ne
788 325 883 381 quis
916 326 1078 382 inpune
1117 326 1319 381 petulans
1362 325 1429 368 sit.

140 384 223 427 hoc
255 397 359 440 ergo
394 384 518 436 dicis,
556 399 624 427 me
655 385 815 427 iniuria
845 385 1109 428 abstulisse?
1152 386 1247 442 lege
1278 385 1428 440 incidi3

139 458 220 486 nec
258 458 360 501 ego,
397 444 472 486 sed
511 444 715 487 carnifex.
777 444 984 500 quidquid
1025 445 1121 500 lege
1153 445 1318 487 factum
1352 446 1430 500 est,

142 502 355 546 vindicari
393 503 489 559 lege
520 518 609 546 non
642 504 767 547 solet.
829 506 872 546 et
904 519 989 560 qua
1014 504 1142 560 lege?
1187 505 1306 560 »qui
1343 518 1428 559 pa-

140 565 271 604 trem
315 563 651 618 pulsaverit«.
711 562 820 619 „Sed
863 566 929 618 tu,
973 564 1135 619 inquit,
1178 567 1304 618 pater
1342 578 1430 606 non

139 621 302 664 fuistif‘
362 621 492 664 Puta:
537 623 694 665 iudicia
730 626 876 665 tamen
915 598 1083 666 iudiciis
1122 623 1310 666 rescindi
1341 637 1429 665 non

143 685 338 736 possunt.

667 740 904 784 SERMO.

231 823 316 866 Hic
348 824 399 866 de
431 825 663 867 sanctitate
695 824 962 867 iudiciorum.

559 941 1014 986 DECLAMATIO.

232 1022 338 1066 Sera
385 1027 487 1080 post
536 1024 861 1067 damnationem
911 1026 1184 1068 innocentiae
1235 1025 1428 1067 defensio

142 1085 219 1126 est.
279 1083 413 1136 istud,
452 1083 566 1139 quod
604 1099 717 1126 nunc
756 1085 922 1140 dixisti,
961 1087 1061 1128 ante
1099 1084 1292 1127 dixisses.
1356 1085 1430 1126 sed

142 1156 231 1184 non
255 1142 439 1197 potuisti
462 1143 620 1198 dicere3
645 1146 770 1199 pater
794 1147 896 1187 tuus
917 1159 1048 1199 eram,
1075 1145 1168 1186 iure
1187 1143 1427 1199 praesentis

144 1201 422 1245 condicionis.
479 1203 676 1245 abdicare
707 1203 853 1258 itaque
884 1204 1026 1259 potui3
1060 1203 1254 1246 occidere
1285 1204 1429 1259 potui:

145 1275 319 1303 omnem
355 1263 636 1318 potestatem,
679 1265 904 1318 tamquam
942 1263 988 1304 in
1026 1263 1184 1317 filium,
1224 1277 1430 1305 exercere.

144 1319 345 1362 miraris?
403 1336 483 1364 nec
526 1322 598 1364 ille
643 1323 788 1377 potuit
831 1323 1144 1375 contradicere,
1188 1322 1261 1377 qui
1306 1324 1431 1377 pater

144 1382 250 1422 erat.
307 1395 419 1435 „non
463 1395 574 1436 eras,
613 1382 765 1437 inquit,
807 1382 1059 1424 naturalis.“
1124 1384 1249 1424 tanto
1293 1382 1430 1438 igitur

142 1438 244 1495 plus
281 1453 540 1483 merueram:
585 1441 776 1483 alienum
814 1442 1096 1497 sustuleram,
1140 1456 1236 1483 cum
1276 1444 1430 1495 essent,

146 1498 220 1553 qui
251 1513 351 1541 suos
382 1499 636 1554 proicerent.
699 1501 773 1543 sed
805 1502 854 1543 ut
884 1516 973 1544 non
1004 1500 1170 1556 fuerim,
1202 1503 1252 1542 tu
1282 1503 1431 1543 tamen

144 1558 311 1612 putasti
341 1561 523 1614 patrem.
572 1560 640 1602 lex
674 1562 817 1603 autem
848 1563 1038 1603 mentem
1070 1560 1206 1616 punit.
1237 1562 1287 1602 ut
1319 1560 1429 1602 scias

146 1630 295 1660 verum
323 1632 416 1660 esse
442 1618 542 1661 hoc:
574 1620 817 1674 impetravi.
863 1620 964 1675 „sed
990 1623 1051 1675 tu,
1082 1619 1236 1675 inquit,
1263 1620 1430 1662 sciebas

146 1691 236 1719 non
268 1691 362 1719 esse
393 1677 530 1720 filium
562 1679 721 1722 tuum.“
765 1682 962 1734 poteram
983 1679 1154 1735 quidem
1174 1680 1322 1722 dicere:
1356 1679 1430 1721 sed

146 1736 313 1778 meritis
345 1739 469 1792 pater
501 1752 638 1793 eram3
679 1738 751 1781 sed
790 1742 838 1780 tu
869 1742 1093 1794 tamquam
1123 1741 1294 1794 patrem
1325 1738 1430 1780 ceci·

146 1795 282 1838 deras.
345 1796 419 1838 sed
451 1799 608 1853 testor,
639 1799 776 1840 nolui:
820 1800 1064 1853 expositum
1098 1813 1267 1853 quoque
1300 1798 1430 1840 colle-

145 1868 311 1910 geram:
342 1855 557 1911 indignati
591 1861 692 1899 sunt
723 1858 870 1910 amici3
902 1858 994 1911 ipse
1025 1858 1166 1899 fassus
1199 1871 1256 1899 es.

236 1913 349 1963 Quid
391 1929 505 1957 nunc
545 1915 706 1977 facies?
762 1916 982 1970 praecides
1024 1930 1195 1969 manus,
1240 1930 1348 1970 quae
1386 1918 1429 1957 te

147 1973 443 2015 sustulerunt?

244 2100 1174 2147 3sintB—Pn5necegoom.l3u13NA
1209 2104 1223 2147 11
1262 2103 1430 2148 14quod

146 2159 245 2184 nunc
269 2149 364 2184 dicis
389 2149 447 2184 Ro
472 2149 485 2193 ΙΙ
518 2153 561 2183 16
588 2148 756 2184 occidere
782 2149 890 2194 potui
915 2160 982 2185 om.
1008 2152 1035 2183 B
1067 2151 1078 2196 ΙΙ
1111 2154 1154 2184 17
1180 2150 1257 2185 filio
1282 2153 1309 2184 B
1341 2151 1353 2195 ΙΙ
1387 2154 1429 2185 18

148 2199 240 2231 -19
273 2197 336 2240 qui
366 2198 475 2241 pater
499 2195 719 2243 (nondum)
744 2197 826 2231 erat
857 2201 951 2232 auct.
984 2197 1110 2233 incert
1137 2209 1197 2242 ap.
1224 2197 1300 2233 Aer
1336 2198 1348 2242 ss
1385 2201 1429 2232 21

146 2243 379 2289 proiecerent
403 2247 456 2278 Aa.
474 2245 486 2290 u
505 2247 551 2278 24
577 2244 670 2279 scire
695 2247 775 2289 AB,
802 2255 893 2280 corr.
920 2244 978 2280 Ro

1457 752 1499 784 10

1457 1155 1500 1187 15

1456 1453 1501 1484 20

1457 1750 1500 1781 25
