1604 2488
165 471 185 502 5

144 761 187 792 10

147 1049 188 1080 15

147 1339 191 1370 20

149 1628 193 1660 25

215 124 235 163 1
244 123 298 164 12
680 123 796 166 QUIN
799 122 979 159 TILIANI

295 229 443 272 Omnis
476 230 752 272 abdicationis
784 244 913 271 causa
945 243 995 271 ex
1018 230 1171 272 timore
1196 233 1269 272 tuo
1299 231 1466 284 pendet.

210 290 252 328 et
283 291 348 329 est
379 288 548 342 quidem
579 287 694 329 istud
724 288 1013 329 inconsultum
1041 290 1083 329 et
1107 288 1191 330 sibi
1213 302 1467 344 repugnans,

211 345 399 387 abdicari
430 346 564 387 filium
595 345 861 400 indulgentia
886 346 1022 400 patris
1049 347 1091 387 et
1115 345 1300 400 aliquem
1326 361 1467 388 carere

209 403 354 444 liberis
392 403 588 445 orbitatis
627 406 751 445 metu.
813 417 959 445 verum
997 403 1108 444 hanc
1132 417 1303 458 >quoque
1334 404 1466 446 detra-

210 460 310 502 here
340 461 421 502 tibi
453 461 782 503 sollicitudinem
813 462 922 503 volo.
975 460 1081 503 Erat
1110 461 1233 515 illud,
1264 461 1375 516 quod
1407 463 1467 514 [a]

209 519 324 560 bono
370 520 486 574 patri
529 522 570 561 et
607 534 631 560 a
667 520 740 573 pio
787 519 930 572 (filio)
969 518 1050 560 dici
1091 521 1252 573 posset:
1301 519 1471 561 etiamsi

209 577 495 630 periculosum
527 577 594 630 sit,
624 577 737 618 tanti
769 579 832 618 est
862 576 981 618 mihi.
1024 591 1110 618 11011
1139 579 1229 618 tam
1259 591 1326 618 me
1357 576 1471 620 ducit

212 634 350 688 gloria
398 635 614 689 militaris,
663 649 739 676 nec
785 635 900 676 fama
947 635 1161 676 victoriae.
1232 634 1471 677 vindicandi

213 692 317 734 mihi
354 692 508 734 fratres
546 695 655 734 sunt.
717 707 770 734 an
807 706 903 747 ego,
942 692 1013 747 qui
1052 692 1179 746 paulo
1217 695 1315 734 ante
1354 707 1472 734 arma

213 749 427 804 (ignoscat
446 751 595 804 patria,
614 750 838 804 ignoscant
856 748 993 806 leges)
1020 751 1182 792 minore
1208 754 1472 792 sacramento

212 808 293 850 tuli
330 811 372 849 et
410 811 558 850 contra
593 809 738 850 hostes
777 809 865 850 sine
897 810 1092 863 respectu
1123 808 1207 850 mei
1238 808 1472 863 sanguinis-

214 880 293 920 que
331 867 539 921 pugnavi,
576 866 650 908 ubi
681 866 787 908 mihi
819 866 1059 908 vindicandi
1090 868 1188 908 sunt
1218 865 1393 920 fratres,
1431 868 1473 907 et

213 924 296 965 duo
326 924 492 978 fratres,
522 938 608 966 non
638 924 868 979 pugnabo?
899 939 986 966 non
1017 925 1084 966 vel
1109 924 1335 966 discrimen
1360 924 1471 965 vitae

214 982 395 1024 subibo?
445 995 524 1036 ego
562 982 801 1024 accederem
838 985 912 1024 tuo
951 982 1147 1036 consilio,
1187 982 1223 1023 si
1265 981 1472 1023 timerem.

215 1038 297 1080 Sed
328 1040 464 1081 multa
495 1043 610 1091 sunt,
652 1054 758 1094 quae
791 1054 857 1081 me
888 1039 1049 1081 faciant
1079 1039 1313 1082 fortiorem.
1374 1042 1473 1080 ante

215 1098 375 1151 omnia,
415 1097 677 1139 adversarius
709 1098 795 1139 iam
827 1097 1034 1152 fatigatus
1067 1100 1148 1138 est:
1186 1097 1345 1152 cogita,
1376 1111 1475 1151 quo-

213 1155 325 1197 tiens
356 1156 620 1211 pugnaverit.
676 1170 761 1197 non
794 1155 905 1209 dico,
949 1155 1049 1210 quid
1092 1155 1269 1196 fecerint
1288 1192 1289 1195 ,
1311 1155 1474 1196 hostes:

215 1227 302 1255 non
347 1214 612 1267 inde<fensi>
645 1213 886 1255 ceciderunt
916 1213 1071 1254 fratres
1102 1213 1197 1254 mei.
1254 1212 1477 1255 fortiorem

215 1285 283 1312 me
325 1270 453 1313 faciet
489 1272 640 1314 melior
677 1271 952 1325 conscientia,
1000 1270 1218 1312 fortiorem
1266 1270 1393 1312 faciet
1436 1273 1478 1312 et

218 1343 344 1371 causa
381 1343 561 1384 pugnae.
615 1329 686 1370 ille
730 1344 807 1383 pro
849 1329 1039 1383 praemio
1088 1331 1352 1383 pugnaturus
1402 1332 1478 1383 est,

217 1387 328 1442 quod
371 1387 458 1428 iam
502 1388 568 1429 bis
613 1388 792 1442 accepit:
836 1401 915 1442 ego
960 1390 1221 1441 pugnaturus
1266 1401 1358 1427 sum
1398 1400 1475 1440 pro

216 1445 441 1498 fratribus,
470 1460 548 1500 pro
580 1446 750 1499 pietate.
810 1445 1031 1487 fortiorem
1062 1459 1128 1486 me
1159 1443 1288 1486 faciet
1319 1446 1362 1485 et
1390 1444 1478 1485 for-

216 1505 330 1545 tuna.
387 1503 497 1545 solet
526 1503 718 1557 fatigari:
751 1504 871 1557 solet,
901 1505 1180 1557 posteaquam
1208 1501 1387 1544 nimium
1416 1502 1479 1543 in-

218 1561 364 1615 dulsit,
401 1562 445 1602 in
482 1562 562 1603 fine
601 1561 786 1603 deficere.
858 1561 963 1602 facit
995 1575 1062 1602 me
1091 1560 1315 1602 fortiorem
1347 1559 1476 1601 etiam

219 1633 319 1660 usus
351 1619 538 1673 quidam:
579 1621 841 1673 pugnantem
871 1619 992 1659 illum
1025 1618 1190 1671 saepius
1222 1617 1320 1659 vidi.
1377 1618 1476 1670 scio,

219 1676 320 1731 quid
357 1677 588 1717 maximum
624 1677 802 1718 fratrem
839 1690 978 1717 meum
1014 1675 1232 1729 fefellerit;
1270 1675 1479 1730 quomodo

219 1735 268 1788 is,
299 1735 370 1788 qui
402 1734 583 1776 secundo
614 1735 707 1776 loco
739 1734 975 1789 pugnabat,
1016 1733 1214 1787 deceptus
1247 1733 1314 1774 sit.
1370 1732 1482 1773 Illud

221 1794 364 1834 autem
411 1793 509 1847 plus
559 1806 685 1847 quam
734 1792 1015 1834 verecundum
1065 1793 1107 1832 et
1150 1789 1481 1832 erubescendum

220 1850 343 1892 nobis
377 1853 460 1892 est:
498 1864 661 1905 pauper
696 1863 887 1904 pugnare
918 1850 1052 1891 filium
1084 1862 1207 1890 suum
1237 1862 1324 1890 non
1354 1850 1481 1890 vetat.

316 1992 337 2022 2
365 1988 418 2033 et]
445 1988 502 2023 est
525 1990 563 2030 B,
590 1997 667 2029 om„
692 1991 724 2021 et
747 1987 898 2030 fortasse
916 1990 1016 2028 recte,
1040 1990 1066 2019 P
1084 1987 1095 2031 Η
1115 1989 1134 2020 3
1161 1984 1331 2020 abdicare
1355 1987 1413 2018 Bc
1432 1986 1444 2030 ΙΙ
1463 1988 1483 2019 5

223 2034 293 2069 tibi
323 2034 514 2069 detrahere
541 2037 563 2066 c
600 2034 611 2077 ΙΙ
647 2034 745 2077 quod
777 2044 799 2068 a
827 2033 924 2068 bono
954 2034 1059 2077 patre
1084 2033 1122 2067 et
1146 2042 1168 2066 a
1192 2030 1254 2076 pio
1280 2030 1352 2066 dici
1377 2033 1482 2074 Ano,

223 2091 312 2116 corr.
330 2080 403 2115 Obr
421 2082 432 2125 Η
454 2084 495 2115 10
522 2081 678 2115 minores
697 2082 757 2113 Bc
777 2080 788 2123 ΙΙ
810 2083 850 2114 11
876 2089 958 2113 meo
979 2082 1038 2112 Ac
1057 2080 1068 2123 ΙΙ
1089 2081 1131 2112 17
1156 2076 1387 2122 pugnaverit.
1411 2087 1486 2112 non

224 2127 257 2161 d.
284 2138 343 2170 qu.
373 2126 524 2162 fecerim
555 2127 594 2161 in
623 2126 762 2161 hostes:
800 2138 834 2161 n.
866 2126 948 2160 inde
975 2136 1005 2160 c.
1029 2125 1052 2159 f.
1079 2135 1126 2160 m.
1153 2123 1206 2158 Gr
1241 2124 1252 2167 ΙΙ
1291 2127 1332 2158 18
1357 2122 1486 2158 *inde-

223 2171 383 2219 <fensi>,
409 2173 545 2218 inpune
569 2173 655 2208 Rom
679 2174 690 2216 Η
711 2176 753 2207 19
779 2171 909 2207 melior
933 2182 962 2206 c.
987 2171 1013 2205 f.
1037 2183 1084 2205 m.
1109 2170 1222 2205 faciet
1245 2180 1310 2204 om.
1335 2171 1392 2203 Bc
1418 2171 1486 2214 120

225 2221 264 2254 et
287 2230 352 2254 om.
379 2223 400 2252 c
432 2220 443 2263 11
474 2223 517 2254 22
543 2219 769 2264 proprietate
794 2221 861 2261 Aa,
888 2217 1152 2263 proprietatem
1177 2219 1203 2248 B
1230 2217 1241 2262 ΙΙ
1267 2219 1310 2250 25
1337 2215 1399 2260 qui
1428 2227 1485 2251 em

225 2268 318 2299 ABG
337 2267 347 2310 ΙΙ
367 2269 411 2301 26
437 2277 557 2300 meum
585 2277 648 2301 om.
674 2268 700 2298 B
720 2265 730 2309 ΙΙ
751 2269 793 2300 27
819 2276 941 2300 secum
967 2263 1051 2299 dolo
1077 2274 1160 2298 cum
1184 2274 1219 2307 p.
1244 2265 1270 2295 B
