<?xml version="1.0" encoding="UTF-8"?>
<!DOCTYPE html PUBLIC "-//W3C//DTD XHTML 1.0 Transitional//EN"
    "http://www.w3.org/TR/xhtml1/DTD/xhtml1-transitional.dtd">
<html xmlns="http://www.w3.org/1999/xhtml" xml:lang="en" lang="en">
 <head>
  <title>
</title>
<meta http-equiv="Content-Type" content="text/html;charset=utf-8" />
  <meta name='ocr-system' content='tesseract 3.04.00' />
  <meta name='ocr-capabilities' content='ocr_page ocr_carea ocr_par ocr_line ocrx_word'/>
</head>
<body>
  <div class='ocr_page' id='page_1' title='image "./declamationesqua00quinuoft_0238.png"; bbox 0 0 1604 2488; ppageno 0'>
   <div class='ocr_carea' id='block_1_1' title="bbox 184 769 226 800">
    <p class='ocr_par' dir='ltr' id='par_1_1' title="bbox 184 769 226 800">
     <span class='ocr_line' id='line_1_1' title="bbox 184 769 226 800; baseline 0.024 -1"><span class='ocrx_word' id='word_1_1' title='bbox 184 769 226 800; x_wconf 88' lang='grc'>10</span> 
     </span>
    </p>
   </div>
   <div class='ocr_carea' id='block_1_2' title="bbox 183 1058 224 1089">
    <p class='ocr_par' dir='ltr' id='par_1_2' title="bbox 183 1058 224 1089">
     <span class='ocr_line' id='line_1_2' title="bbox 183 1058 224 1089; baseline 0 0"><span class='ocrx_word' id='word_1_2' title='bbox 183 1058 224 1089; x_wconf 85' lang='grc'>15</span> 
     </span>
    </p>
   </div>
   <div class='ocr_carea' id='block_1_3' title="bbox 183 1348 226 1378">
    <p class='ocr_par' dir='ltr' id='par_1_3' title="bbox 183 1348 226 1378">
     <span class='ocr_line' id='line_1_3' title="bbox 183 1348 226 1378; baseline 0 0"><span class='ocrx_word' id='word_1_3' title='bbox 183 1348 226 1378; x_wconf 84' lang='grc'>20</span> 
     </span>
    </p>
   </div>
   <div class='ocr_carea' id='block_1_4' title="bbox 181 1636 224 1667">
    <p class='ocr_par' dir='ltr' id='par_1_4' title="bbox 181 1636 224 1667">
     <span class='ocr_line' id='line_1_4' title="bbox 181 1636 224 1667; baseline 0 0"><span class='ocrx_word' id='word_1_4' title='bbox 181 1636 224 1667; x_wconf 84' lang='grc'>25</span> 
     </span>
    </p>
   </div>
   <div class='ocr_carea' id='block_1_5' title="bbox 255 130 1018 173">
    <p class='ocr_par' dir='ltr' id='par_1_5' title="bbox 255 130 1018 173">
     <span class='ocr_line' id='line_1_5' title="bbox 255 130 1018 173; baseline -0.007 -2"><span class='ocrx_word' id='word_1_5' title='bbox 255 130 340 171; x_wconf 81' lang='grc'>202</span> <span class='ocrx_word' id='word_1_6' title='bbox 719 130 1018 173; x_wconf 82' lang='lat' dir='ltr'>QUINTILIANI</span> 
     </span>
    </p>
   </div>
   <div class='ocr_carea' id='block_1_6' title="bbox 248 236 1508 2221">
    <p class='ocr_par' dir='ltr' id='par_1_6' title="bbox 249 236 1506 1734">
     <span class='ocr_line' id='line_1_6' title="bbox 252 236 1504 292; baseline 0.001 -15"><span class='ocrx_word' id='word_1_7' title='bbox 252 236 422 278; x_wconf 87' lang='lat' dir='ltr'>exuvias</span> <span class='ocrx_word' id='word_1_8' title='bbox 455 236 720 278; x_wconf 73' lang='lat' dir='ltr'><strong>contendisse</strong></span> <span class='ocrx_word' id='word_1_9' title='bbox 752 237 1010 279; x_wconf 85' lang='lat' dir='ltr'>clarissimos</span> <span class='ocrx_word' id='word_1_10' title='bbox 1040 237 1191 292; x_wconf 76' lang='lat' dir='ltr'>reges?</span> <span class='ocrx_word' id='word_1_11' title='bbox 1247 237 1351 279; x_wconf 87' lang='lat' dir='ltr'>haec</span> <span class='ocrx_word' id='word_1_12' title='bbox 1382 251 1504 279; x_wconf 84' lang='lat' dir='ltr'>sacra</span> 
     </span>
     <span class='ocr_line' id='line_1_7' title="bbox 254 294 1504 347; baseline 0.002 -13"><span class='ocrx_word' id='word_1_13' title='bbox 254 296 352 335; x_wconf 90' lang='lat' dir='ltr'>sunt</span> <span class='ocrx_word' id='word_1_14' title='bbox 382 294 546 347; x_wconf 86' lang='lat' dir='ltr'>merita,</span> <span class='ocrx_word' id='word_1_15' title='bbox 574 294 679 335; x_wconf 87' lang='lat' dir='ltr'>haec</span> <span class='ocrx_word' id='word_1_16' title='bbox 710 295 928 336; x_wconf 84' lang='lat' dir='ltr'>coniurata</span> <span class='ocrx_word' id='word_1_17' title='bbox 957 295 1104 337; x_wconf 86' lang='lat' dir='ltr'>virtus.</span> <span class='ocrx_word' id='word_1_18' title='bbox 1167 295 1249 338; x_wconf 85' lang='lat' dir='ltr'>hoc</span> <span class='ocrx_word' id='word_1_19' title='bbox 1280 297 1371 337; x_wconf 89' lang='lat' dir='ltr'>erat</span> <span class='ocrx_word' id='word_1_20' title='bbox 1399 295 1504 336; x_wconf 91' lang='lat' dir='ltr'>illud</span> 
     </span>
     <span class='ocr_line' id='line_1_8' title="bbox 252 352 1502 405; baseline 0.004 -15"><span class='ocrx_word' id='word_1_21' title='bbox 252 352 393 405; x_wconf 76' lang='lat' dir='ltr'>»quod</span> <span class='ocrx_word' id='word_1_22' title='bbox 435 352 572 394; x_wconf 72' lang='lat' dir='ltr'>volo«.</span> <span class='ocrx_word' id='word_1_23' title='bbox 633 353 669 393; x_wconf 91' lang='lat' dir='ltr'>si</span> <span class='ocrx_word' id='word_1_24' title='bbox 712 366 811 394; x_wconf 86' lang='lat' dir='ltr'>vero</span> <span class='ocrx_word' id='word_1_25' title='bbox 854 353 937 394; x_wconf 89' lang='lat' dir='ltr'>isto</span> <span class='ocrx_word' id='word_1_26' title='bbox 980 353 1110 394; x_wconf 89' lang='lat' dir='ltr'>verbo</span> <span class='ocrx_word' id='word_1_27' title='bbox 1146 353 1366 395; x_wconf 84' lang='lat' dir='ltr'>immodice</span> <span class='ocrx_word' id='word_1_28' title='bbox 1402 353 1502 394; x_wconf 85' lang='lat' dir='ltr'>abu-</span> 
     </span>
     <span class='ocr_line' id='line_1_9' title="bbox 253 409 1503 465; baseline 0.002 -16"><span class='ocrx_word' id='word_1_29' title='bbox 253 409 368 462; x_wconf 87' lang='lat' dir='ltr'>teris,</span> <span class='ocrx_word' id='word_1_30' title='bbox 397 410 670 463; x_wconf 71' lang='lat' dir='ltr'>respondebit</span> <span class='ocrx_word' id='word_1_31' title='bbox 699 411 781 451; x_wconf 89' lang='lat' dir='ltr'>tibi</span> <span class='ocrx_word' id='word_1_32' title='bbox 809 425 876 452; x_wconf 90' lang='lat' dir='ltr'>res</span> <span class='ocrx_word' id='word_1_33' title='bbox 901 411 1092 464; x_wconf 85' lang='lat' dir='ltr'>publica:</span> <span class='ocrx_word' id='word_1_34' title='bbox 1121 411 1252 465; x_wconf 67' lang='lat' dir='ltr'>»quid</span> <span class='ocrx_word' id='word_1_35' title='bbox 1276 410 1383 452; x_wconf 87' lang='lat' dir='ltr'>mihi</span> <span class='ocrx_word' id='word_1_36' title='bbox 1405 425 1503 465; x_wconf 87' lang='lat' dir='ltr'>pro-</span> 
     </span>
     <span class='ocr_line' id='line_1_10' title="bbox 254 466 1502 523; baseline 0.002 -16"><span class='ocrx_word' id='word_1_37' title='bbox 254 466 347 507; x_wconf 90' lang='lat' dir='ltr'>dest</span> <span class='ocrx_word' id='word_1_38' title='bbox 377 467 540 521; x_wconf 81' lang='lat' dir='ltr'>vicisse,</span> <span class='ocrx_word' id='word_1_39' title='bbox 575 468 612 509; x_wconf 92' lang='lat' dir='ltr'>si</span> <span class='ocrx_word' id='word_1_40' title='bbox 643 468 778 509; x_wconf 91' lang='lat' dir='ltr'>adhuc</span> <span class='ocrx_word' id='word_1_41' title='bbox 811 469 970 523; x_wconf 86' lang='lat' dir='ltr'>aliquid</span> <span class='ocrx_word' id='word_1_42' title='bbox 1000 481 1156 523; x_wconf 85' lang='lat' dir='ltr'>negare</span> <span class='ocrx_word' id='word_1_43' title='bbox 1185 483 1271 510; x_wconf 92' lang='lat' dir='ltr'>non</span> <span class='ocrx_word' id='word_1_44' title='bbox 1299 468 1502 523; x_wconf 78' lang='lat' dir='ltr'>possum?</span> 
     </span>
     <span class='ocr_line' id='line_1_11' title="bbox 254 524 1502 580; baseline 0.001 -14"><span class='ocrx_word' id='word_1_45' title='bbox 254 524 314 566; x_wconf 88' lang='lat' dir='ltr'>sic</span> <span class='ocrx_word' id='word_1_46' title='bbox 346 539 510 567; x_wconf 87' lang='lat' dir='ltr'>mecum</span> <span class='ocrx_word' id='word_1_47' title='bbox 541 526 784 579; x_wconf 91' lang='lat' dir='ltr'>loqueretur</span> <span class='ocrx_word' id='word_1_48' title='bbox 817 527 954 568; x_wconf 85' lang='lat' dir='ltr'>victor</span> <span class='ocrx_word' id='word_1_49' title='bbox 983 526 1133 568; x_wconf 86' lang='lat' dir='ltr'>hostis.</span> <span class='ocrx_word' id='word_1_50' title='bbox 1171 525 1300 580; x_wconf 80' lang='lat' dir='ltr'>quid?</span> <span class='ocrx_word' id='word_1_51' title='bbox 1332 527 1368 567; x_wconf 88' lang='lat' dir='ltr'>si</span> <span class='ocrx_word' id='word_1_52' title='bbox 1397 529 1502 567; x_wconf 87' lang='lat' dir='ltr'>tem-</span> 
     </span>
     <span class='ocr_line' id='line_1_12' title="bbox 251 582 1502 638; baseline 0.002 -15"><span class='ocrx_word' id='word_1_53' title='bbox 251 582 419 636; x_wconf 91' lang='lat' dir='ltr'>plorum</span> <span class='ocrx_word' id='word_1_54' title='bbox 444 583 638 625; x_wconf 86' lang='lat' dir='ltr'>incendia</span> <span class='ocrx_word' id='word_1_55' title='bbox 662 586 795 638; x_wconf 86' lang='lat' dir='ltr'>petas,</span> <span class='ocrx_word' id='word_1_56' title='bbox 820 584 964 638; x_wconf 85' lang='lat' dir='ltr'>legum</span> <span class='ocrx_word' id='word_1_57' title='bbox 982 584 1251 626; x_wconf 77' lang='lat' dir='ltr'>abolitiones?</span> <span class='ocrx_word' id='word_1_58' title='bbox 1276 584 1358 626; x_wconf 89' lang='lat' dir='ltr'>hoc</span> <span class='ocrx_word' id='word_1_59' title='bbox 1376 584 1502 626; x_wconf 91' lang='lat' dir='ltr'>modo</span> 
     </span>
     <span class='ocr_line' id='line_1_13' title="bbox 253 641 1504 695; baseline 0.001 -14"><span class='ocrx_word' id='word_1_60' title='bbox 253 642 294 680; x_wconf 91' lang='lat' dir='ltr'>et</span> <span class='ocrx_word' id='word_1_61' title='bbox 335 641 507 695; x_wconf 75' lang='lat' dir='ltr'>nuptias</span> <span class='ocrx_word' id='word_1_62' title='bbox 548 643 697 682; x_wconf 86' lang='lat' dir='ltr'>matris</span> <span class='ocrx_word' id='word_1_63' title='bbox 747 643 959 695; x_wconf 65' lang='lat' dir='ltr'>optaras«</span> <span class='ocrx_word' id='word_1_64' title='bbox 1029 641 1199 691; x_wconf 79' lang='lat' dir='ltr'>Quanto</span> <span class='ocrx_word' id='word_1_65' title='bbox 1235 641 1388 683; x_wconf 89' lang='lat' dir='ltr'>iustius</span> <span class='ocrx_word' id='word_1_66' title='bbox 1423 641 1504 683; x_wconf 89' lang='lat' dir='ltr'>tibi</span> 
     </span>
     <span class='ocr_line' id='line_1_14' title="bbox 253 698 1503 753; baseline 0.002 -15"><span class='ocrx_word' id='word_1_67' title='bbox 253 698 406 740; x_wconf 90' lang='lat' dir='ltr'>mulier</span> <span class='ocrx_word' id='word_1_68' title='bbox 453 699 620 752; x_wconf 86' lang='lat' dir='ltr'>privata</span> <span class='ocrx_word' id='word_1_69' title='bbox 663 699 905 753; x_wconf 90' lang='lat' dir='ltr'>respondet:</span> <span class='ocrx_word' id='word_1_70' title='bbox 948 713 1063 742; x_wconf 86' lang='lat' dir='ltr'>»non</span> <span class='ocrx_word' id='word_1_71' title='bbox 1105 714 1182 753; x_wconf 92' lang='lat' dir='ltr'>pro</span> <span class='ocrx_word' id='word_1_72' title='bbox 1226 713 1293 740; x_wconf 88' lang='lat' dir='ltr'>me</span> <span class='ocrx_word' id='word_1_73' title='bbox 1333 701 1503 741; x_wconf 84' lang='lat' dir='ltr'>tantum</span> 
     </span>
     <span class='ocr_line' id='line_1_15' title="bbox 252 756 1502 811; baseline 0.002 -15"><span class='ocrx_word' id='word_1_74' title='bbox 252 756 466 798; x_wconf 86' lang='lat' dir='ltr'>militasti:</span> <span class='ocrx_word' id='word_1_75' title='bbox 486 757 654 811; x_wconf 84' lang='lat' dir='ltr'>appella</span> <span class='ocrx_word' id='word_1_76' title='bbox 671 771 761 798; x_wconf 89' lang='lat' dir='ltr'>rem</span> <span class='ocrx_word' id='word_1_77' title='bbox 781 758 1007 811; x_wconf 88' lang='lat' dir='ltr'>publicam,</span> <span class='ocrx_word' id='word_1_78' title='bbox 1030 758 1197 811; x_wconf 85' lang='lat' dir='ltr'>appella</span> <span class='ocrx_word' id='word_1_79' title='bbox 1215 757 1502 811; x_wconf 84' lang='lat' dir='ltr'>magistratus.</span> 
     </span>
     <span class='ocr_line' id='line_1_16' title="bbox 251 814 1499 869; baseline 0.001 -14"><span class='ocrx_word' id='word_1_80' title='bbox 251 828 338 855; x_wconf 92' lang='lat' dir='ltr'>non</span> <span class='ocrx_word' id='word_1_81' title='bbox 367 816 511 868; x_wconf 87' lang='lat' dir='ltr'>potest</span> <span class='ocrx_word' id='word_1_82' title='bbox 541 829 566 856; x_wconf 84' lang='lat' dir='ltr'>a</span> <span class='ocrx_word' id='word_1_83' title='bbox 595 815 762 869; x_wconf 82' lang='lat' dir='ltr'>privato</span> <span class='ocrx_word' id='word_1_84' title='bbox 795 816 898 868; x_wconf 88' lang='lat' dir='ltr'>dari,</span> <span class='ocrx_word' id='word_1_85' title='bbox 930 815 1041 869; x_wconf 89' lang='lat' dir='ltr'>quod</span> <span class='ocrx_word' id='word_1_86' title='bbox 1072 816 1126 857; x_wconf 85' lang='lat' dir='ltr'>ab</span> <span class='ocrx_word' id='word_1_87' title='bbox 1159 815 1352 857; x_wconf 88' lang='lat' dir='ltr'>omnibus</span> <span class='ocrx_word' id='word_1_88' title='bbox 1379 814 1499 856; x_wconf 90' lang='lat' dir='ltr'>debe-</span> 
     </span>
     <span class='ocr_line' id='line_1_17' title="bbox 250 873 1503 928; baseline 0.001 -15"><span class='ocrx_word' id='word_1_89' title='bbox 250 874 331 913; x_wconf 88' lang='lat' dir='ltr'>tur.</span> <span class='ocrx_word' id='word_1_90' title='bbox 391 873 495 914; x_wconf 87' lang='lat' dir='ltr'>haec</span> <span class='ocrx_word' id='word_1_91' title='bbox 526 873 726 927; x_wconf 80' lang='lat' dir='ltr'>dicerem,</span> <span class='ocrx_word' id='word_1_92' title='bbox 765 873 801 914; x_wconf 91' lang='lat' dir='ltr'>si</span> <span class='ocrx_word' id='word_1_93' title='bbox 838 874 999 928; x_wconf 83' lang='lat' dir='ltr'>aliquid</span> <span class='ocrx_word' id='word_1_94' title='bbox 1029 887 1080 914; x_wconf 85' lang='lat' dir='ltr'>ex</span> <span class='ocrx_word' id='word_1_95' title='bbox 1109 874 1237 915; x_wconf 85' lang='lat' dir='ltr'>rebus</span> <span class='ocrx_word' id='word_1_96' title='bbox 1267 873 1374 914; x_wconf 87' lang='lat' dir='ltr'>meis</span> <span class='ocrx_word' id='word_1_97' title='bbox 1405 886 1503 914; x_wconf 83' lang='lat' dir='ltr'>con-</span> 
     </span>
     <span class='ocr_line' id='line_1_18' title="bbox 252 930 1506 986; baseline 0.001 -16"><span class='ocrx_word' id='word_1_98' title='bbox 252 930 457 983; x_wconf 87' lang='lat' dir='ltr'>cupisses:</span> <span class='ocrx_word' id='word_1_99' title='bbox 493 945 604 972; x_wconf 90' lang='lat' dir='ltr'>nunc</span> <span class='ocrx_word' id='word_1_100' title='bbox 640 931 958 973; x_wconf 74' lang='lat' dir='ltr'>matrimonium</span> <span class='ocrx_word' id='word_1_101' title='bbox 988 932 1118 985; x_wconf 80' lang='lat' dir='ltr'>petis,</span> <span class='ocrx_word' id='word_1_102' title='bbox 1156 931 1267 986; x_wconf 89' lang='lat' dir='ltr'>quod</span> <span class='ocrx_word' id='word_1_103' title='bbox 1296 930 1380 972; x_wconf 88' lang='lat' dir='ltr'>tibi</span> <span class='ocrx_word' id='word_1_104' title='bbox 1409 944 1506 972; x_wconf 87' lang='lat' dir='ltr'>con-</span> 
     </span>
     <span class='ocr_line' id='line_1_19' title="bbox 249 987 1505 1042; baseline 0.001 -14"><span class='ocrx_word' id='word_1_105' title='bbox 249 987 414 1042; x_wconf 85' lang='lat' dir='ltr'>tingere</span> <span class='ocrx_word' id='word_1_106' title='bbox 457 1002 541 1029; x_wconf 91' lang='lat' dir='ltr'>non</span> <span class='ocrx_word' id='word_1_107' title='bbox 583 991 727 1042; x_wconf 90' lang='lat' dir='ltr'>potest</span> <span class='ocrx_word' id='word_1_108' title='bbox 765 989 854 1030; x_wconf 87' lang='lat' dir='ltr'>sine</span> <span class='ocrx_word' id='word_1_109' title='bbox 897 989 1056 1030; x_wconf 89' lang='lat' dir='ltr'>invidia</span> <span class='ocrx_word' id='word_1_110' title='bbox 1097 988 1399 1042; x_wconf 72' lang='lat' dir='ltr'>captivitatis«</span> <span class='ocrx_word' id='word_1_111' title='bbox 1467 987 1505 1029; x_wconf 89' lang='lat' dir='ltr'>si</span> 
     </span>
     <span class='ocr_line' id='line_1_20' title="bbox 250 1046 1503 1100; baseline 0 -14"><span class='ocrx_word' id='word_1_112' title='bbox 250 1048 394 1086; x_wconf 84' lang='lat' dir='ltr'>tamen</span> <span class='ocrx_word' id='word_1_113' title='bbox 424 1046 528 1087; x_wconf 91' lang='lat' dir='ltr'>urbe</span> <span class='ocrx_word' id='word_1_114' title='bbox 559 1049 684 1100; x_wconf 85' lang='lat' dir='ltr'>capta</span> <span class='ocrx_word' id='word_1_115' title='bbox 714 1047 932 1088; x_wconf 85' lang='lat' dir='ltr'>invocaret</span> <span class='ocrx_word' id='word_1_116' title='bbox 961 1061 1106 1087; x_wconf 85' lang='lat' dir='ltr'>manes</span> <span class='ocrx_word' id='word_1_117' title='bbox 1132 1046 1291 1099; x_wconf 85' lang='lat' dir='ltr'>mariti,</span> <span class='ocrx_word' id='word_1_118' title='bbox 1320 1060 1406 1086; x_wconf 90' lang='lat' dir='ltr'>non</span> <span class='ocrx_word' id='word_1_119' title='bbox 1431 1060 1503 1086; x_wconf 88' lang='lat' dir='ltr'>au-</span> 
     </span>
     <span class='ocr_line' id='line_1_21' title="bbox 250 1102 1505 1157; baseline -0.001 -13"><span class='ocrx_word' id='word_1_120' title='bbox 250 1103 380 1145; x_wconf 88' lang='lat' dir='ltr'>ferret</span> <span class='ocrx_word' id='word_1_121' title='bbox 415 1104 553 1145; x_wconf 89' lang='lat' dir='ltr'>hostis</span> <span class='ocrx_word' id='word_1_122' title='bbox 592 1106 634 1144; x_wconf 92' lang='lat' dir='ltr'>et</span> <span class='ocrx_word' id='word_1_123' title='bbox 675 1105 945 1146; x_wconf 74' lang='lat' dir='ltr'>misereretur</span> <span class='ocrx_word' id='word_1_124' title='bbox 978 1104 1084 1157; x_wconf 90' lang='lat' dir='ltr'>eius,</span> <span class='ocrx_word' id='word_1_125' title='bbox 1122 1117 1228 1157; x_wconf 88' lang='lat' dir='ltr'>quae</span> <span class='ocrx_word' id='word_1_126' title='bbox 1261 1117 1403 1144; x_wconf 89' lang='lat' dir='ltr'>amare</span> <span class='ocrx_word' id='word_1_127' title='bbox 1435 1102 1505 1144; x_wconf 93' lang='lat' dir='ltr'>de-</span> 
     </span>
     <span class='ocr_line' id='line_1_22' title="bbox 249 1161 1505 1215; baseline -0.001 -13"><span class='ocrx_word' id='word_1_128' title='bbox 249 1161 442 1202; x_wconf 87' lang='lat' dir='ltr'>functum</span> <span class='ocrx_word' id='word_1_129' title='bbox 478 1161 702 1203; x_wconf 83' lang='lat' dir='ltr'>videretur.</span> <span class='ocrx_word' id='word_1_130' title='bbox 761 1162 841 1203; x_wconf 90' lang='lat' dir='ltr'>tibi</span> <span class='ocrx_word' id='word_1_131' title='bbox 879 1176 974 1203; x_wconf 86' lang='lat' dir='ltr'>cum</span> <span class='ocrx_word' id='word_1_132' title='bbox 1010 1162 1090 1203; x_wconf 89' lang='lat' dir='ltr'>hac</span> <span class='ocrx_word' id='word_1_133' title='bbox 1121 1161 1331 1215; x_wconf 89' lang='lat' dir='ltr'>quomodo</span> <span class='ocrx_word' id='word_1_134' title='bbox 1362 1161 1505 1214; x_wconf 87' lang='lat' dir='ltr'>potest</span> 
     </span>
     <span class='ocr_line' id='line_1_23' title="bbox 250 1217 1505 1273; baseline -0.002 -13"><span class='ocrx_word' id='word_1_135' title='bbox 250 1219 484 1273; x_wconf 87' lang='lat' dir='ltr'>convenire,</span> <span class='ocrx_word' id='word_1_136' title='bbox 511 1219 628 1260; x_wconf 88' lang='lat' dir='ltr'>cuius</span> <span class='ocrx_word' id='word_1_137' title='bbox 653 1220 971 1261; x_wconf 85' lang='lat' dir='ltr'>matrimonium</span> <span class='ocrx_word' id='word_1_138' title='bbox 995 1233 1082 1260; x_wconf 92' lang='lat' dir='ltr'>non</span> <span class='ocrx_word' id='word_1_139' title='bbox 1106 1221 1282 1272; x_wconf 85' lang='lat' dir='ltr'>peteres,</span> <span class='ocrx_word' id='word_1_140' title='bbox 1306 1217 1391 1259; x_wconf 89' lang='lat' dir='ltr'>nisi</span> <span class='ocrx_word' id='word_1_141' title='bbox 1410 1231 1505 1259; x_wconf 92' lang='lat' dir='ltr'>cum</span> 
     </span>
     <span class='ocr_line' id='line_1_24' title="bbox 250 1275 1504 1331; baseline -0.001 -14"><span class='ocrx_word' id='word_1_142' title='bbox 250 1291 299 1317; x_wconf 86' lang='lat' dir='ltr'>ea</span> <span class='ocrx_word' id='word_1_143' title='bbox 319 1276 565 1331; x_wconf 79' lang='lat' dir='ltr'>litigasses‘?</span> <span class='ocrx_word' id='word_1_144' title='bbox 596 1277 659 1318; x_wconf 88' lang='lat' dir='ltr'>vis</span> <span class='ocrx_word' id='word_1_145' title='bbox 681 1277 799 1331; x_wconf 89' lang='lat' dir='ltr'>scire,</span> <span class='ocrx_word' id='word_1_146' title='bbox 819 1277 917 1331; x_wconf 92' lang='lat' dir='ltr'>quid</span> <span class='ocrx_word' id='word_1_147' title='bbox 940 1277 1028 1318; x_wconf 89' lang='lat' dir='ltr'>sint</span> <span class='ocrx_word' id='word_1_148' title='bbox 1047 1276 1251 1330; x_wconf 77' lang='lat' dir='ltr'>nuptiae?</span> <span class='ocrx_word' id='word_1_149' title='bbox 1269 1290 1341 1316; x_wconf 75' lang='grc' dir='ltr'>-ε</span> <span class='ocrx_word' id='word_1_150' title='bbox 1365 1275 1504 1329; x_wconf 86' lang='lat' dir='ltr'>aspice</span> 
     </span>
     <span class='ocr_line' id='line_1_25' title="bbox 251 1332 1505 1389; baseline -0.002 -14"><span class='ocrx_word' id='word_1_151' title='bbox 251 1334 371 1375; x_wconf 87' lang='lat' dir='ltr'>illam</span> <span class='ocrx_word' id='word_1_152' title='bbox 407 1335 636 1389; x_wconf 83' lang='lat' dir='ltr'>virginem,</span> <span class='ocrx_word' id='word_1_153' title='bbox 679 1349 806 1389; x_wconf 89' lang='lat' dir='ltr'>quam</span> <span class='ocrx_word' id='word_1_154' title='bbox 842 1337 964 1388; x_wconf 90' lang='lat' dir='ltr'>pater</span> <span class='ocrx_word' id='word_1_155' title='bbox 1002 1334 1196 1384; x_wconf 87' lang='lat' dir='ltr'>tradidit,</span> <span class='ocrx_word' id='word_1_156' title='bbox 1239 1335 1407 1375; x_wconf 88' lang='lat' dir='ltr'>euntem</span> <span class='ocrx_word' id='word_1_157' title='bbox 1438 1332 1505 1373; x_wconf 87' lang='lat' dir='ltr'>die</span> 
     </span>
     <span class='ocr_line' id='line_1_26' title="bbox 251 1391 1505 1446; baseline -0.002 -13"><span class='ocrx_word' id='word_1_158' title='bbox 251 1392 426 1446; x_wconf 89' lang='lat' dir='ltr'>celebri,</span> <span class='ocrx_word' id='word_1_159' title='bbox 469 1392 699 1433; x_wconf 89' lang='lat' dir='ltr'>comitante</span> <span class='ocrx_word' id='word_1_160' title='bbox 741 1393 910 1446; x_wconf 90' lang='lat' dir='ltr'>populo.</span> <span class='ocrx_word' id='word_1_161' title='bbox 975 1407 1062 1434; x_wconf 89' lang='lat' dir='ltr'>non</span> <span class='ocrx_word' id='word_1_162' title='bbox 1098 1394 1243 1446; x_wconf 91' lang='lat' dir='ltr'>potest</span> <span class='ocrx_word' id='word_1_163' title='bbox 1281 1391 1505 1445; x_wconf 81' lang='lat' dir='ltr'>quisquam</span> 
     </span>
     <span class='ocr_line' id='line_1_27' title="bbox 250 1450 1505 1504; baseline -0.002 -13"><span class='ocrx_word' id='word_1_164' title='bbox 250 1450 366 1504; x_wconf 86' lang='lat' dir='ltr'>dare,</span> <span class='ocrx_word' id='word_1_165' title='bbox 411 1450 522 1504; x_wconf 89' lang='lat' dir='ltr'>quod</span> <span class='ocrx_word' id='word_1_166' title='bbox 559 1452 729 1491; x_wconf 85' lang='lat' dir='ltr'>constat</span> <span class='ocrx_word' id='word_1_167' title='bbox 765 1451 943 1492; x_wconf 89' lang='lat' dir='ltr'>duorum</span> <span class='ocrx_word' id='word_1_168' title='bbox 980 1451 1211 1491; x_wconf 87' lang='lat' dir='ltr'>voluntate.</span> <span class='ocrx_word' id='word_1_169' title='bbox 1277 1451 1505 1502; x_wconf 88' lang='lat' dir='ltr'>utcumque</span> 
     </span>
     <span class='ocr_line' id='line_1_28' title="bbox 250 1506 1504 1562; baseline -0.001 -14"><span class='ocrx_word' id='word_1_170' title='bbox 250 1508 474 1550; x_wconf 88' lang='lat' dir='ltr'>tolerabile</span> <span class='ocrx_word' id='word_1_171' title='bbox 506 1511 630 1561; x_wconf 88' lang='lat' dir='ltr'>esset,</span> <span class='ocrx_word' id='word_1_172' title='bbox 663 1509 698 1549; x_wconf 90' lang='lat' dir='ltr'>si</span> <span class='ocrx_word' id='word_1_173' title='bbox 724 1508 931 1562; x_wconf 85' lang='lat' dir='ltr'>virginem</span> <span class='ocrx_word' id='word_1_174' title='bbox 956 1510 1134 1562; x_wconf 88' lang='lat' dir='ltr'>peteres,</span> <span class='ocrx_word' id='word_1_175' title='bbox 1166 1521 1272 1561; x_wconf 85' lang='lat' dir='ltr'>quae</span> <span class='ocrx_word' id='word_1_176' title='bbox 1297 1506 1416 1548; x_wconf 92' lang='lat' dir='ltr'>nullo</span> <span class='ocrx_word' id='word_1_177' title='bbox 1437 1520 1504 1547; x_wconf 90' lang='lat' dir='ltr'>su-</span> 
     </span>
     <span class='ocr_line' id='line_1_29' title="bbox 252 1563 1505 1620; baseline -0.002 -14"><span class='ocrx_word' id='word_1_178' title='bbox 252 1566 491 1619; x_wconf 82' lang='lat' dir='ltr'>spira&lt;vi&gt;t</span> <span class='ocrx_word' id='word_1_179' title='bbox 522 1566 707 1619; x_wconf 78' lang='lat' dir='ltr'>adfecta,</span> <span class='ocrx_word' id='word_1_180' title='bbox 738 1581 846 1620; x_wconf 87' lang='lat' dir='ltr'>quae</span> <span class='ocrx_word' id='word_1_181' title='bbox 877 1566 1012 1607; x_wconf 86' lang='lat' dir='ltr'>adhuc</span> <span class='ocrx_word' id='word_1_182' title='bbox 1042 1566 1105 1607; x_wconf 91' lang='lat' dir='ltr'>rei</span> <span class='ocrx_word' id='word_1_183' title='bbox 1136 1565 1330 1619; x_wconf 87' lang='lat' dir='ltr'>publicae</span> <span class='ocrx_word' id='word_1_184' title='bbox 1361 1563 1505 1605; x_wconf 85' lang='lat' dir='ltr'>matri-</span> 
     </span>
     <span class='ocr_line' id='line_1_30' title="bbox 251 1622 1504 1677; baseline -0.002 -13"><span class='ocrx_word' id='word_1_185' title='bbox 251 1624 441 1664; x_wconf 89' lang='lat' dir='ltr'>monium</span> <span class='ocrx_word' id='word_1_186' title='bbox 473 1623 608 1665; x_wconf 90' lang='lat' dir='ltr'>debet.</span> <span class='ocrx_word' id='word_1_187' title='bbox 652 1625 716 1664; x_wconf 88' lang='lat' dir='ltr'>est</span> <span class='ocrx_word' id='word_1_188' title='bbox 745 1623 1018 1677; x_wconf 86' lang='lat' dir='ltr'>praecipuum</span> <span class='ocrx_word' id='word_1_189' title='bbox 1043 1624 1109 1664; x_wconf 90' lang='lat' dir='ltr'>ius</span> <span class='ocrx_word' id='word_1_190' title='bbox 1135 1622 1375 1676; x_wconf 87' lang='lat' dir='ltr'>senectutis,</span> <span class='ocrx_word' id='word_1_191' title='bbox 1405 1635 1504 1676; x_wconf 90' lang='lat' dir='ltr'>quo-</span> 
     </span>
     <span class='ocr_line' id='line_1_31' title="bbox 249 1681 1505 1734; baseline -0.002 -12"><span class='ocrx_word' id='word_1_192' title='bbox 249 1681 364 1722; x_wconf 84' lang='lat' dir='ltr'>niam</span> <span class='ocrx_word' id='word_1_193' title='bbox 401 1695 487 1722; x_wconf 90' lang='lat' dir='ltr'>non</span> <span class='ocrx_word' id='word_1_194' title='bbox 524 1681 662 1722; x_wconf 70' lang='lat' dir='ltr'>omnia</span> <span class='ocrx_word' id='word_1_195' title='bbox 693 1681 809 1722; x_wconf 91' lang='lat' dir='ltr'>subit</span> <span class='ocrx_word' id='word_1_196' title='bbox 840 1681 977 1722; x_wconf 89' lang='lat' dir='ltr'>omnis</span> <span class='ocrx_word' id='word_1_197' title='bbox 1010 1683 1143 1722; x_wconf 83' lang='lat' dir='ltr'>aetas:</span> <span class='ocrx_word' id='word_1_198' title='bbox 1186 1695 1271 1722; x_wconf 90' lang='lat' dir='ltr'>non</span> <span class='ocrx_word' id='word_1_199' title='bbox 1301 1681 1505 1734; x_wconf 90' lang='lat' dir='ltr'>perpetuo</span> 
     </span>
    </p>

    <p class='ocr_par' dir='ltr' id='par_1_7' title="bbox 248 1757 1508 2221">
     <span class='ocr_line' id='line_1_32' title="bbox 344 1757 1505 1805; baseline -0.004 -10"><span class='ocrx_word' id='word_1_200' title='bbox 344 1764 361 1794; x_wconf 91' lang='lat'>1</span> <span class='ocrx_word' id='word_1_201' title='bbox 390 1760 607 1795; x_wconf 85' lang='lat' dir='ltr'>contendere</span> <span class='ocrx_word' id='word_1_202' title='bbox 631 1763 656 1793; x_wconf 99' lang='lat' dir='ltr'>P</span> <span class='ocrx_word' id='word_1_203' title='bbox 675 1761 686 1805; x_wconf 77' lang='grc' dir='ltr'>ΙΙ</span> <span class='ocrx_word' id='word_1_204' title='bbox 706 1763 726 1794; x_wconf 90' lang='grc'><strong>3</strong></span> <span class='ocrx_word' id='word_1_205' title='bbox 752 1759 804 1795; x_wconf 89' lang='lat' dir='ltr'>ill.</span> <span class='ocrx_word' id='word_1_206' title='bbox 830 1759 953 1802; x_wconf 75' lang='lat' dir='ltr'>»quod</span> <span class='ocrx_word' id='word_1_207' title='bbox 976 1759 1083 1794; x_wconf 85' lang='lat' dir='ltr'>volo«</span> <span class='ocrx_word' id='word_1_208' title='bbox 1108 1758 1166 1792; x_wconf 87' lang='lat' dir='ltr'>Ro</span> <span class='ocrx_word' id='word_1_209' title='bbox 1184 1759 1196 1802; x_wconf 84' lang='grc' dir='ltr'>ΙΙ</span> <span class='ocrx_word' id='word_1_210' title='bbox 1214 1757 1409 1792; x_wconf 88' lang='lat' dir='ltr'>immodico</span> <span class='ocrx_word' id='word_1_211' title='bbox 1429 1759 1505 1801; x_wconf 80' lang='lat' dir='ltr'>AB,</span> 
     </span>
     <span class='ocr_line' id='line_1_33' title="bbox 250 1802 1507 1851; baseline -0.003 -9"><span class='ocrx_word' id='word_1_212' title='bbox 250 1817 340 1842; x_wconf 80' lang='lat' dir='ltr'>corr.</span> <span class='ocrx_word' id='word_1_213' title='bbox 368 1806 421 1841; x_wconf 80' lang='lat' dir='ltr'>Gr</span> <span class='ocrx_word' id='word_1_214' title='bbox 440 1807 451 1851; x_wconf 90' lang='grc' dir='ltr'>ΙΙ</span> <span class='ocrx_word' id='word_1_215' title='bbox 468 1806 662 1841; x_wconf 83' lang='lat' dir='ltr'>habitiaris</span> <span class='ocrx_word' id='word_1_216' title='bbox 688 1809 758 1848; x_wconf 79' lang='lat' dir='ltr'>Aa,</span> <span class='ocrx_word' id='word_1_217' title='bbox 784 1805 972 1840; x_wconf 84' lang='lat' dir='ltr'>habuteris</span> <span class='ocrx_word' id='word_1_218' title='bbox 997 1807 1066 1850; x_wconf 87' lang='lat' dir='ltr'>Ab,</span> <span class='ocrx_word' id='word_1_219' title='bbox 1091 1803 1273 1839; x_wconf 86' lang='lat' dir='ltr'>habituris</span> <span class='ocrx_word' id='word_1_220' title='bbox 1297 1807 1335 1847; x_wconf 84' lang='lat' dir='ltr'>B,</span> <span class='ocrx_word' id='word_1_221' title='bbox 1360 1802 1507 1838; x_wconf 80' lang='lat' dir='ltr'>habitu-</span> 
     </span>
     <span class='ocr_line' id='line_1_34' title="bbox 249 1849 1507 1898; baseline -0.004 -11"><span class='ocrx_word' id='word_1_222' title='bbox 249 1866 309 1888; x_wconf 82' lang='lat' dir='ltr'>rus</span> <span class='ocrx_word' id='word_1_223' title='bbox 335 1857 361 1886; x_wconf 93' lang='lat' dir='ltr'>P</span> <span class='ocrx_word' id='word_1_224' title='bbox 386 1855 442 1898; x_wconf 77' lang='grc'>114</span> <span class='ocrx_word' id='word_1_225' title='bbox 467 1863 552 1887; x_wconf 91' lang='lat' dir='ltr'>non</span> <span class='ocrx_word' id='word_1_226' title='bbox 583 1854 680 1887; x_wconf 74' lang='lat' dir='ltr'>offla</span> <span class='ocrx_word' id='word_1_227' title='bbox 710 1852 856 1887; x_wconf 77' lang='lat' dir='ltr'>danda,</span> <span class='ocrx_word' id='word_1_228' title='bbox 886 1851 943 1885; x_wconf 89' lang='lat' dir='ltr'>iis</span> <span class='ocrx_word' id='word_1_229' title='bbox 970 1851 1045 1896; x_wconf 90' lang='lat' dir='ltr'>qui</span> <span class='ocrx_word' id='word_1_230' title='bbox 1068 1850 1239 1895; x_wconf 75' lang='lat' dir='ltr'>premifi</span> <span class='ocrx_word' id='word_1_231' title='bbox 1264 1850 1424 1895; x_wconf 84' lang='lat' dir='ltr'>petunt</span> <span class='ocrx_word' id='word_1_232' title='bbox 1447 1851 1477 1882; x_wconf 99' lang='lat' dir='ltr'>A</span> <span class='ocrx_word' id='word_1_233' title='bbox 1495 1849 1507 1894; x_wconf 80' lang='grc' dir='ltr'>Η</span> 
     </span>
     <span class='ocr_line' id='line_1_35' title="bbox 249 1897 1505 1944; baseline -0.002 -11"><span class='ocrx_word' id='word_1_234' title='bbox 249 1899 340 1934; x_wconf 88' lang='lat' dir='ltr'>mihi</span> <span class='ocrx_word' id='word_1_235' title='bbox 365 1910 430 1934; x_wconf 89' lang='lat' dir='ltr'>om.</span> <span class='ocrx_word' id='word_1_236' title='bbox 450 1901 481 1932; x_wconf 90' lang='lat' dir='ltr'>A</span> <span class='ocrx_word' id='word_1_237' title='bbox 498 1900 509 1944; x_wconf 78' lang='grc' dir='ltr'><strong>Η</strong></span> <span class='ocrx_word' id='word_1_238' title='bbox 530 1903 549 1933; x_wconf 80' lang='lat'><strong>7</strong></span> <span class='ocrx_word' id='word_1_239' title='bbox 570 1898 773 1934; x_wconf 80' lang='lat' dir='ltr'>obliviones</span> <span class='ocrx_word' id='word_1_240' title='bbox 792 1901 866 1941; x_wconf 85' lang='lat' dir='ltr'>AB,</span> <span class='ocrx_word' id='word_1_241' title='bbox 893 1909 984 1933; x_wconf 85' lang='lat' dir='ltr'>corr.</span> <span class='ocrx_word' id='word_1_242' title='bbox 1011 1897 1061 1932; x_wconf 80' lang='lat' dir='ltr'>Pi</span> <span class='ocrx_word' id='word_1_243' title='bbox 1079 1899 1090 1942; x_wconf 75' lang='grc' dir='ltr'>Η</span> <span class='ocrx_word' id='word_1_244' title='bbox 1109 1901 1130 1932; x_wconf 89' lang='grc'>8</span> <span class='ocrx_word' id='word_1_245' title='bbox 1150 1898 1298 1941; x_wconf 84' lang='lat' dir='ltr'>optares</span> <span class='ocrx_word' id='word_1_246' title='bbox 1315 1899 1389 1939; x_wconf 84' lang='lat' dir='ltr'>AB,</span> <span class='ocrx_word' id='word_1_247' title='bbox 1415 1905 1505 1930; x_wconf 84' lang='lat' dir='ltr'>corr.</span> 
     </span>
     <span class='ocr_line' id='line_1_36' title="bbox 248 1942 1506 1990; baseline -0.003 -10"><span class='ocrx_word' id='word_1_248' title='bbox 248 1946 306 1980; x_wconf 83' lang='lat' dir='ltr'>Ro</span> <span class='ocrx_word' id='word_1_249' title='bbox 336 1947 348 1989; x_wconf 85' lang='grc' dir='ltr'>ΙΙ</span> <span class='ocrx_word' id='word_1_250' title='bbox 379 1949 398 1980; x_wconf 89' lang='grc'>9</span> <span class='ocrx_word' id='word_1_251' title='bbox 423 1947 548 1980; x_wconf 86' lang='lat' dir='ltr'>tamen</span> <span class='ocrx_word' id='word_1_252' title='bbox 573 1948 634 1979; x_wconf 83' lang='lat' dir='ltr'>AP</span> <span class='ocrx_word' id='word_1_253' title='bbox 664 1946 675 1990; x_wconf 81' lang='grc'>11</span> <span class='ocrx_word' id='word_1_254' title='bbox 706 1948 748 1979; x_wconf 90' lang='grc'>12</span> <span class='ocrx_word' id='word_1_255' title='bbox 775 1943 1005 1989; x_wconf 84' lang='lat' dir='ltr'>concupisset</span> <span class='ocrx_word' id='word_1_256' title='bbox 1026 1946 1095 1986; x_wconf 76' lang='lat' dir='ltr'>Aa,</span> <span class='ocrx_word' id='word_1_257' title='bbox 1121 1942 1352 1988; x_wconf 86' lang='lat' dir='ltr'>concupisces</span> <span class='ocrx_word' id='word_1_258' title='bbox 1375 1945 1402 1975; x_wconf 89' lang='lat' dir='ltr'>P</span> <span class='ocrx_word' id='word_1_259' title='bbox 1425 1942 1437 1986; x_wconf 82' lang='lat' dir='ltr'>ll</span> <span class='ocrx_word' id='word_1_260' title='bbox 1464 1945 1506 1976; x_wconf 88' lang='lat'>13</span> 
     </span>
     <span class='ocr_line' id='line_1_37' title="bbox 249 1988 1506 2038; baseline -0.006 -11"><span class='ocrx_word' id='word_1_261' title='bbox 249 1993 353 2036; x_wconf 87' lang='lat' dir='ltr'>petes</span> <span class='ocrx_word' id='word_1_262' title='bbox 378 1995 462 2025; x_wconf 78' lang='lat' dir='ltr'>AaB</span> <span class='ocrx_word' id='word_1_263' title='bbox 482 1993 493 2037; x_wconf 84' lang='grc' dir='ltr'>ΙΙ</span> <span class='ocrx_word' id='word_1_264' title='bbox 515 1996 556 2026; x_wconf 87' lang='lat'>15</span> <span class='ocrx_word' id='word_1_265' title='bbox 583 1991 843 2038; x_wconf 83' lang='lat' dir='ltr'>c[apt]ivitatis</span> <span class='ocrx_word' id='word_1_266' title='bbox 872 1991 929 2025; x_wconf 82' lang='lat' dir='ltr'>Ro</span> <span class='ocrx_word' id='word_1_267' title='bbox 956 1991 968 2034; x_wconf 80' lang='grc' dir='ltr'>ΙΙ</span> <span class='ocrx_word' id='word_1_268' title='bbox 988 1993 1030 2024; x_wconf 92' lang='grc'>18</span> <span class='ocrx_word' id='word_1_269' title='bbox 1056 1990 1180 2025; x_wconf 86' lang='lat' dir='ltr'>videre</span> <span class='ocrx_word' id='word_1_270' title='bbox 1199 1992 1262 2031; x_wconf 78' lang='lat' dir='ltr'>Aa,</span> <span class='ocrx_word' id='word_1_271' title='bbox 1287 1988 1432 2024; x_wconf 87' lang='lat' dir='ltr'>videtur</span> <span class='ocrx_word' id='word_1_272' title='bbox 1449 1990 1476 2020; x_wconf 84' lang='lat' dir='ltr'>B</span> <span class='ocrx_word' id='word_1_273' title='bbox 1504 1988 1506 2032; x_wconf 59' lang='lat'>1</span> 
     </span>
     <span class='ocr_line' id='line_1_38' title="bbox 251 2033 1508 2083; baseline -0.005 -11"><span class='ocrx_word' id='word_1_274' title='bbox 251 2042 294 2072; x_wconf 89' lang='lat'>18</span> <span class='ocrx_word' id='word_1_275' title='bbox 314 2037 548 2073; x_wconf 86' lang='lat' dir='ltr'>reconvenire</span> <span class='ocrx_word' id='word_1_276' title='bbox 562 2042 587 2071; x_wconf 93' lang='lat' dir='ltr'>P</span> <span class='ocrx_word' id='word_1_277' title='bbox 606 2040 616 2083; x_wconf 77' lang='grc' dir='ltr'>ΙΙ</span> <span class='ocrx_word' id='word_1_278' title='bbox 635 2040 776 2083; x_wconf 82' lang='lat' dir='ltr'>peteres</span> <span class='ocrx_word' id='word_1_279' title='bbox 795 2047 888 2081; x_wconf 84' lang='lat' dir='ltr'>quae</span> <span class='ocrx_word' id='word_1_280' title='bbox 908 2037 1008 2071; x_wconf 90' lang='lat' dir='ltr'>nullo</span> <span class='ocrx_word' id='word_1_281' title='bbox 1027 2036 1186 2083; x_wconf 85' lang='lat' dir='ltr'>suspirat</span> <span class='ocrx_word' id='word_1_282' title='bbox 1203 2035 1337 2070; x_wconf 76' lang='lat' dir='ltr'>affectu</span> <span class='ocrx_word' id='word_1_283' title='bbox 1354 2033 1425 2069; x_wconf 89' lang='lat' dir='ltr'>nisi</span> <span class='ocrx_word' id='word_1_284' title='bbox 1443 2033 1508 2077; x_wconf 54' lang='lat' dir='ltr'>Aa}</span> 
     </span>
     <span class='ocr_line' id='line_1_39' title="bbox 253 2079 1506 2128; baseline -0.004 -9"><span class='ocrx_word' id='word_1_285' title='bbox 253 2087 387 2119; x_wconf 85' lang='lat'>18—19</span> <span class='ocrx_word' id='word_1_286' title='bbox 421 2095 503 2119; x_wconf 90' lang='lat' dir='ltr'>cum</span> <span class='ocrx_word' id='word_1_287' title='bbox 535 2095 579 2118; x_wconf 86' lang='lat' dir='ltr'>ex</span> <span class='ocrx_word' id='word_1_288' title='bbox 611 2095 655 2119; x_wconf 82' lang='lat' dir='ltr'>ea</span> <span class='ocrx_word' id='word_1_289' title='bbox 679 2087 708 2117; x_wconf 91' lang='lat' dir='ltr'>A</span> <span class='ocrx_word' id='word_1_290' title='bbox 738 2084 749 2128; x_wconf 87' lang='grc' dir='ltr'>ΙΙ</span> <span class='ocrx_word' id='word_1_291' title='bbox 782 2087 823 2118; x_wconf 90' lang='grc'>19</span> <span class='ocrx_word' id='word_1_292' title='bbox 849 2084 1001 2128; x_wconf 82' lang='lat' dir='ltr'>ligasset</span> <span class='ocrx_word' id='word_1_293' title='bbox 1024 2085 1076 2116; x_wconf 76' lang='lat' dir='ltr'>Aa</span> <span class='ocrx_word' id='word_1_294' title='bbox 1105 2083 1116 2126; x_wconf 89' lang='grc' dir='ltr'>ΙΙ</span> <span class='ocrx_word' id='word_1_295' title='bbox 1147 2085 1190 2116; x_wconf 88' lang='grc'>22</span> <span class='ocrx_word' id='word_1_296' title='bbox 1222 2079 1506 2116; x_wconf 83' lang='lat' dir='ltr'>matrimonio</span> 
     </span>
     <span class='ocr_line' id='line_1_40' title="bbox 250 2125 1506 2171; baseline -0.006 -5"><span class='ocrx_word' id='word_1_297' title='bbox 250 2141 510 2166; x_wconf 86' lang='lat' dir='ltr'>consensum</span> <span class='ocrx_word' id='word_1_298' title='bbox 541 2130 845 2166; x_wconf 84' lang='lat' dir='ltr'>necessarium</span> <span class='ocrx_word' id='word_1_299' title='bbox 876 2131 918 2164; x_wconf 86' lang='lat' dir='ltr'>et</span> <span class='ocrx_word' id='word_1_300' title='bbox 951 2140 1109 2163; x_wconf 85' lang='lat' dir='ltr'>anuum</span> <span class='ocrx_word' id='word_1_301' title='bbox 1133 2125 1506 2171; x_wconf 81' lang='lat' dir='ltr'>nuptiasiuveni—</span> 
     </span>
     <span class='ocr_line' id='line_1_41' title="bbox 249 2173 1507 2221; baseline -0.006 -9"><span class='ocrx_word' id='word_1_302' title='bbox 249 2178 328 2212; x_wconf 89' lang='lat' dir='ltr'>bus</span> <span class='ocrx_word' id='word_1_303' title='bbox 353 2188 438 2211; x_wconf 89' lang='lat' dir='ltr'>non</span> <span class='ocrx_word' id='word_1_304' title='bbox 465 2177 773 2212; x_wconf 81' lang='lat' dir='ltr'>concedendas</span> <span class='ocrx_word' id='word_1_305' title='bbox 798 2179 828 2210; x_wconf 90' lang='lat' dir='ltr'>A</span> <span class='ocrx_word' id='word_1_306' title='bbox 855 2177 867 2221; x_wconf 77' lang='lat' dir='ltr'>u</span> <span class='ocrx_word' id='word_1_307' title='bbox 897 2179 940 2210; x_wconf 83' lang='lat'>23</span> <span class='ocrx_word' id='word_1_308' title='bbox 967 2173 1218 2220; x_wconf 72' lang='lat' dir='ltr'>suspira&lt;vi&gt;t</span> <span class='ocrx_word' id='word_1_309' title='bbox 1241 2173 1298 2208; x_wconf 82' lang='lat' dir='ltr'>Ro</span> <span class='ocrx_word' id='word_1_310' title='bbox 1325 2173 1336 2217; x_wconf 79' lang='grc' dir='ltr'>ΙΙ</span> <span class='ocrx_word' id='word_1_311' title='bbox 1363 2176 1407 2207; x_wconf 84' lang='grc'>26</span> <span class='ocrx_word' id='word_1_312' title='bbox 1433 2182 1507 2206; x_wconf 80' lang='lat' dir='ltr'>una</span> 
     </span>
    </p>
   </div>
   <div class='ocr_carea' id='block_1_7' title="bbox 250 2219 1507 2306">
    <p class='ocr_par' dir='ltr' id='par_1_8' title="bbox 250 2219 1507 2306">
     <span class='ocr_line' id='line_1_42' title="bbox 250 2219 1507 2265; baseline -0.004 -9"><span class='ocrx_word' id='word_1_313' title='bbox 250 2226 330 2265; x_wconf 84' lang='lat' dir='ltr'>AB,</span> <span class='ocrx_word' id='word_1_314' title='bbox 361 2233 449 2259; x_wconf 76' lang='lat' dir='ltr'>corr.</span> <span class='ocrx_word' id='word_1_315' title='bbox 477 2223 543 2265; x_wconf 83' lang='lat' dir='ltr'>Pi‚·</span> <span class='ocrx_word' id='word_1_316' title='bbox 579 2234 652 2258; x_wconf 90' lang='lat' dir='ltr'>non</span> <span class='ocrx_word' id='word_1_317' title='bbox 685 2234 756 2257; x_wconf 87' lang='lat' dir='ltr'>una</span> <span class='ocrx_word' id='word_1_318' title='bbox 787 2223 885 2258; x_wconf 86' lang='lat' dir='ltr'>subit</span> <span class='ocrx_word' id='word_1_319' title='bbox 915 2221 1037 2258; x_wconf 85' lang='lat' dir='ltr'>omnia</span> <span class='ocrx_word' id='word_1_320' title='bbox 1067 2222 1167 2255; x_wconf 87' lang='lat' dir='ltr'>aetas</span> <span class='ocrx_word' id='word_1_321' title='bbox 1193 2219 1280 2262; x_wconf 84' lang='lat' dir='ltr'>Sch;</span> <span class='ocrx_word' id='word_1_322' title='bbox 1315 2221 1399 2262; x_wconf 79' lang='lat' dir='ltr'>fort.</span> <span class='ocrx_word' id='word_1_323' title='bbox 1431 2228 1507 2252; x_wconf 91' lang='lat' dir='ltr'>non</span> 
     </span>
     <span class='ocr_line' id='line_1_43' title="bbox 251 2269 616 2306; baseline 0.003 -3"><span class='ocrx_word' id='word_1_324' title='bbox 251 2269 372 2304; x_wconf 86' lang='lat' dir='ltr'>omnia</span> <span class='ocrx_word' id='word_1_325' title='bbox 397 2281 423 2306; x_wconf 88' lang='lat' dir='ltr'>s.</span> <span class='ocrx_word' id='word_1_326' title='bbox 449 2280 521 2304; x_wconf 86' lang='lat' dir='ltr'>una</span> <span class='ocrx_word' id='word_1_327' title='bbox 546 2270 616 2304; x_wconf 85' lang='lat' dir='ltr'>aet.</span> 
     </span>
    </p>
   </div>
  </div>
 </body>
</html>
