1604 2488
406 95 836 135 DECLAMATIONES.
863 95 1122 135 CCCXXVIH.
1139 153 1144 156 .
1321 94 1407 138 287

596 263 944 310 CCCXXVIII.

516 359 773 405 Discordes
804 359 1002 404 fratres.

114 453 218 498 Filii
255 455 451 499 familiae
491 455 575 500 duo
609 456 904 499 adulescentes
936 455 1096 498 fratres
1129 453 1409 497 dissidebant.

234 514 383 559 iuncta
415 518 540 559 erant
572 530 721 559 eorum
746 515 955 558 cubicula.
997 513 1187 570 quodam
1211 515 1408 569 tempore

236 575 386 618 audito
416 575 609 618 tumultu
640 576 685 618 in
717 575 925 618 interiore
956 576 1082 630 parte
1108 573 1261 616 domus
1287 573 1408 616 venit
1433 583 1453 614 5

234 637 361 690 pater
391 635 438 677 in
471 649 570 678 eum
601 635 758 691 locum,
787 634 834 677 in
866 649 950 690 quo
983 634 1151 676 clamor
1182 634 1288 676 erat.
1344 633 1406 675 in-

235 694 356 737 venit
392 695 578 737 alterum
610 709 663 737 ex
692 694 798 737 filiis
831 693 1031 736 occisum.
1094 692 1408 735 cubicularium

236 753 329 796 eius
360 754 492 796 torsit
524 756 568 796 et
599 754 756 797 occidit
786 753 832 795 in
862 752 1105 796 tormentis.
1157 750 1260 807 quid
1292 765 1408 794 com-

232 813 408 869 pererit,
438 814 654 856 incertum
687 815 764 856 est.
809 812 1102 868 interrogavit
1125 811 1251 854 illum
1278 810 1407 865 filius,

234 872 338 928 quid
387 873 683 929 comperisset.
744 887 834 915 non
881 872 1145 914 indicantem
1190 869 1410 913 accusavit
1436 880 1479 911 10

235 931 491 975 dementiae.
535 932 763 974 absolutus
797 934 863 974 est
894 933 1032 986 pater.
1075 930 1244 972 iuvenis
1270 929 1406 985 parri-

233 990 333 1033 cidii
366 993 609 1047 accusatur,
641 991 764 1033 adest
794 990 862 1032 illi
893 993 1030 1045 pater.

647 1120 878 1164 SERMO.

201 1213 284 1256 Rei
321 1229 509 1270 persona
539 1218 639 1258 ante
673 1216 822 1258 omnia
851 1215 1109 1270 infamatur,
1147 1216 1191 1256 et
1230 1227 1405 1256 necesse

111 1275 198 1330 est,
234 1288 315 1316 nos
353 1274 408 1316 ab
448 1288 499 1316 eo
536 1274 738 1329 incipere.
800 1274 920 1329 prius
960 1288 1063 1330 ergo
1105 1273 1316 1315 sumimus
1348 1272 1405 1328 id,
1432 1283 1475 1315 15

111 1332 226 1389 quod
257 1333 378 1388 prius
410 1333 580 1376 videtur
611 1348 704 1376 esse
736 1334 783 1376 in
814 1348 1012 1389 persona.
1063 1332 1268 1375 occidisse
1300 1332 1403 1374 dici-

110 1395 184 1436 tur
214 1392 413 1435 fratrem:
444 1393 528 1435 hoc
561 1394 732 1436 etiamsi
762 1407 851 1435 non
882 1407 1114 1448 possumus
1143 1391 1325 1446 efficere,
1355 1393 1405 1433 ut

110 1451 158 1494 in
188 1466 332 1494 rerum
363 1453 523 1494 natura
551 1467 641 1495 non
673 1467 768 1495 esse
799 1452 1013 1508 videatur,
1048 1466 1097 1494 eo
1129 1454 1276 1494 tamen
1291 1464 1404 1531 'per-

111 1510 328 1568 ducemus,
358 1513 408 1554 ut
437 1526 528 1554 non
558 1511 684 1554 facile
718 1511 932 1554 credatur.

530 1604 982 1686 DECLAMATIO.
1432 1652 1476 1684 20

201 1735 399 1780 Obicitur
428 1752 504 1780 reo
536 1737 754 1780 discordia
779 1752 877 1780 eum
902 1737 1057 1780 fratre:
1091 1740 1134 1780 et
1159 1737 1242 1780 hoc
1264 1737 1403 1792 prius-

110 1810 241 1853 quam
285 1796 339 1839 ad
384 1811 536 1839 causas
580 1797 801 1852 pertineat
839 1796 1079 1850 occidendi,
1123 1796 1176 1839 ad
1221 1797 1403 1839 crimina

107 1869 320 1911 personae
359 1856 640 1898 admittimus.
700 1856 915 1898 discordia
952 1870 1049 1898 cum
1079 1855 1246 1898 fratre?
1303 1859 1402 1898 ante

110 1915 269 1970 omnia,
310 1929 538 1958 commune
570 1915 849 1957 maledictum
881 1917 947 1956 est
979 1929 1076 1957 eum
1109 1929 1173 1970 eo,
1206 1914 1280 1969 qui
1310 1914 1401 1957 vin-

109 1973 296 2029 dicatur,
334 1976 377 2016 et
414 1989 547 2029 penes
580 1988 707 2030 quem
739 1974 866 2028 culpa
897 1973 1046 2029 fuerit,
1083 1973 1224 2029 magis
1256 1975 1403 2029 potest
1428 1984 1472 2015 ‘25

205 2106 229 2138 4
254 2112 382 2138 eorum
408 2113 475 2138 om.
501 2103 555 2136 Aa
573 2103 585 2148 ΙΙ
605 2105 626 2137 6
652 2101 751 2146 quod
777 2113 882 2138 amor
906 2104 1011 2136 B—I’
1029 2103 1042 2147 u
1062 2105 1106 2136 10
1132 2103 1327 2138 accusator
1352 2103 1401 2149 ΔΗ

110 2153 156 2187 14
179 2149 391 2186 infirmatur
415 2152 500 2194 AB,
538 2159 629 2185 corr.
655 2149 714 2184 Ro
744 2149 756 2195 Η
789 2153 928 2185 13—21
956 2149 1098 2185 Sermo.
1126 2148 1310 2185 Obiicitur
1334 2161 1398 2186 reo

109 2199 172 2234 etc.
198 2199 333 2243 (omiss.
352 2197 409 2234 rei
426 2207 585 2243 persona
605 2217 649 2222 —
670 2196 853 2233 credatur.
878 2196 1129 2242 Declamatio)
1154 2199 1181 2230 B
1213 2198 1225 2242 ΙΙ
1245 2201 1290 2232 23
1316 2208 1400 2243 per-

109 2244 293 2281 mittimus
318 2248 345 2279 B
376 2246 390 2291 ss
419 2247 527 2291 patre
559 2247 644 2287 A13;
683 2244 837 2287 fortasse
860 2244 1092 2292 *[discordia
1123 2256 1207 2280 cum
1233 2244 1367 2291 fratre]
1388 2244 1400 2290 Η

110 2295 155 2327 25
182 2293 222 2327 et
243 2303 358 2338 penes
384 2304 419 2337 q.
440 2304 470 2329 c.
491 2292 515 2328 f.
536 2304 585 2327 m.
611 2292 737 2337 potest
761 2303 829 2328 om.
855 2294 910 2327 Aa
