1578 2470
204 813 245 844 10

206 1195 247 1226 15

203 1485 248 1516 20

202 1774 245 1805 25

270 107 356 148 380
743 94 1048 149 ‘QUINTILIANI

607 288 609 290 ῃ
799 234 987 278 OGGLI.

588 317 718 359 Exul
748 316 891 359 index
921 316 1202 369 tyrannidis.

269 399 466 440 EXULEM
501 410 642 440 INTRA
672 410 806 441 FINES
838 410 1173 442 DEPREHENSUM
1203 409 1368 441 LIGEAT
1399 411 1520 442 0001-

384 468 519 498 DERE.
556 469 617 498 Ex
654 467 920 499 SUSPIOIONE
954 469 1234 500 TYRANNIDIS
1267 468 1338 500 81⁷1*
1369 468 1520 501 ACTIO.

384 514 507 567 Exul,
533 515 643 569 apud
669 529 792 569 quem
820 515 933 556 dives
953 514 1093 557 fuerat
1109 515 1364 570 hospitatus,
1390 517 1519 570 scrip-

387 573 444 614 sit
479 573 663 627 senatui,
706 587 749 614 se
786 573 997 614 facturum
1036 573 1239 615 indicium
1274 574 1525 628 tyrannidis,

387 631 423 671 si
470 631 630 672 reditus
681 631 762 672 sibi
810 630 1114 673 decerneretur.
1185 631 1230 672 in
1271 631 1386 673 curia
1428 646 1521 673 cum

387 691 595 743 ageretur,
621 689 737 730 solus
758 689 873 730 dives
894 689 1158 730 contradixit.
1191 689 1358 731 decreto
1381 692 1524 730 tamen

387 746 524 787 reditu
565 746 660 787 exul
692 746 764 788 ille
795 747 911 788 intra
940 747 1044 789 fines
1075 749 1141 789 est
1172 747 1345 789 occisus.
1406 746 1521 789 dives

390 805 627 858 tyrannidis
659 818 754 846 reus
787 807 862 847 est.

782 931 1007 974 SERMO.

358 1013 536 1054 Exulem
568 1013 707 1067 illum,
750 1014 822 1067 qui
858 1014 1019 1054 occisus
1051 1015 1127 1067 est,
1170 1013 1372 1067 dicemus,
1409 1016 1524 1054 ante-

271 1085 398 1125 quam
440 1071 727 1123 damnaretur,
762 1071 892 1112 fuisse
925 1072 1058 1112 civem
1090 1071 1352 1123 seditiosum,
1393 1071 1526 1113 omni·

273 1129 351 1169 bus
397 1129 625 1169 sceleribus
669 1129 893 1182 obsessum3
939 1129 1012 1169 sed
1049 1129 1093 1169 in
1131 1129 1218 1170 illis
1254 1142 1416 1182 quoque
1452 1129 1524 1170 diu

273 1200 359 1227 non
391 1186 544 1227 fiducia
575 1186 850 1238 innocentiae,
887 1201 1034 1227 verum
1066 1186 1240 1228 audacia
1273 1186 1413 1227 nescio
1445 1200 1528 1240 qua

273 1244 415 1286 omnia
440 1243 626 1298 fingendi
652 1247 778 1298 atque
804 1244 1095 1285 dissimulandi
1124 1244 1303 1286 latuisse
1326 1246 1369 1284 et
1387 1258 1528 1297 quem-

274 1302 500 1343 admodum
538 1303 694 1343 multos
732 1302 891 1344 similes
933 1302 998 1343 sui
1030 1301 1186 1343 amicos
1217 1302 1431 1352 habuerit,
1469 1303 1529 1342 sic

272 1373 359 1401 non
390 1360 609 1413 pauciores
637 1360 833 1401 habuisse
858 1360 1063 1401 inimicos.
1107 1359 1176 1400 vix
1202 1359 1366 1413 quidem
1393 1359 1528 1412 illum,

273 1418 466 1471 quamvis
492 1418 536 1458 in
556 1418 793 1459 manifestis
815 1418 1056 1471 sceleribus,
1079 1418 1222 1459 nescio
1249 1432 1330 1472 qua
1354 1417 1528 1458 audacia

273 1477 583 1530 repugnantem
626 1476 818 1517 damnari
848 1476 1049 1529 potuisse.
1122 1476 1344 1530 expulsum
1388 1477 1529 1516 autem

270 1531 401 1587 (quod
446 1534 533 1574 fere
585 1534 803 1575 sceleratis
847 1533 1091 1586 pectoribus
1133 1531 1296 1583 veniat)
1342 1533 1528 1587 graviter

270 1591 420 1632 tulisse
455 1606 635 1645 poenam
667 1606 715 1632 ac
745 1592 969 1646 praecipue
1001 1591 1243 1632 auctoribus
1276 1591 1364 1632 eius
1395 1590 1525 1631 fuisse

269 1648 491 1699 infestum,
536 1649 688 1702 quibus
719 1651 769 1690 ut
798 1649 954 1690 referre
987 1649 1171 1702 gratiam
1202 1651 1362 1702 posset,
1402 1662 1527 1702 quae-

273 1706 377 1747 sisse
422 1707 684 1748 occasionem
722 1707 892 1747 reditus.
954 1707 1064 1759 quod
1102 1709 1151 1747 ut
1189 1708 1335 1760 posset
1366 1705 1524 1747 contin-

272 1777 387 1818 gere,
425 1765 543 1818 prius
588 1764 886 1817 conter<r>ere
929 1764 1113 1805 voluisse
1153 1764 1353 1817 patriam,
1395 1765 1444 1804 ut
1483 1763 1527 1803 in

271 1822 484 1863 communi
530 1822 747 1863 servitutis
791 1824 907 1862 metu
948 1835 1033 1862 non
1076 1821 1187 1862 tanti
1230 1821 1353 1862 unius
1395 1821 1528 1862 exulis

271 1879 464 1933 reditum,
491 1880 640 1933 quanti
672 1880 941 1920 securitatem
971 1878 1159 1920 omnium
1184 1879 1396 1920 iudicaret.
1446 1877 1527 1918 dic-

271 1938 399 1978 titare
431 1938 562 1992 igitur
594 1938 800 1991 coepisse,
831 1937 1029 1992 apparari
1059 1936 1336 1991 tyrannidem,
1367 1937 1527 1978 instare

365 2067 385 2096 2
411 2063 472 2097 xul
497 2066 550 2097 B
553 2067 598 2097 -P
616 2065 628 2107 ΙΙ
652 2067 674 2097 4
699 2064 757 2109 ex]
785 2064 823 2098 et
847 2066 909 2097 AB
928 2065 940 2108 ΙΙ
960 2067 979 2098 7
1005 2061 1165 2097 redictus
1189 2065 1241 2096 Aa
1258 2063 1271 2107 ΙΙ
1289 2063 1403 2096 9-10
1428 2060 1529 2095 dives

269 2110 296 2143 t.
322 2121 349 2143 r.
377 2109 434 2143 est
457 2121 522 2146 om.
548 2113 573 2143 B
605 2111 616 2154 [Ι
650 2114 691 2144 12
719 2111 792 2144 *sit
816 2113 879 2143 AB
911 2111 923 2153 ΙΙ
955 2113 998 2143 14
1023 2109 1228 2143 confossum
1254 2111 1300 2151 Δ,
1325 2107 1427 2142 conse
1421 2118 1529 2142 ssum

269 2158 308 2199 B,
335 2166 424 2190 corr.
451 2156 508 2190 Ro
525 2158 538 2200 ΙΙ
563 2160 604 2190 21
631 2155 833 2203 <e>veniat
858 2157 934 2190 edd
953 2156 965 2199 ΙΙ
982 2159 1026 2190 22
1055 2162 1095 2191 Ν
1123 2158 1152 2188 Δ
1169 2156 1182 2199 ΙΙ
1200 2135 1384 2189 actoiibns
1407 2154 1527 2198 31123

270 2202 442 2236 infestam
475 2205 564 2236 AaB
600 2204 612 2247 ΙΙ
649 2207 693 2237 24
727 2204 791 2237 aut
827 2206 888 2236 AB
924 2204 936 2246 ΙΙ
973 2206 1017 2237 25
1056 2199 1314 2254 conter<r>ere
1349 2199 1410 2243 Pi,
1449 2211 1530 2234 eum

271 2246 462 2295 ter<r>ere
487 2250 561 2283 Aer
578 2249 590 2293 Η
610 2247 786 2284 voluisset
810 2251 874 2283 AB
893 2249 905 2293 ss
924 2252 968 2283 28
995 2247 1164 2294 apparati
1190 2250 1251 2281 AB
