1578 2470
429 83 856 121 DECLAMATIONES.
882 84 1135 121 CCCLXVIII.
1327 86 1417 128 403

598 215 941 261 CCCLXVIII.

374 298 521 344 Alens
552 299 738 355 patrem
769 299 908 354 rapta
939 299 1174 343 abdicata.

134 382 278 439 Rapta
315 384 453 426 invito
490 385 613 438 patre
644 383 820 438 nuptias
852 384 1033 438 optavit.
1096 383 1151 426 ob
1183 383 1266 426 hoc
1298 384 1419 427 abdi-

251 445 351 486 eata
381 443 530 486 tacuit.
589 447 787 500 egentem
818 445 990 498 patrem
1022 443 1124 498 quia
1155 443 1294 486 invito
1326 459 1416 486 ma-

248 502 514 605 Ezziallenliat,
541 505 606 546 est
625 502 862 558 repudiata.
906 503 1070 558 ingrati
1097 503 1190 559 agit
1210 503 1416 546 adversus
1443 514 1464 546 5

547 667 999 712 DECLAMATIO.

219 750 487 794 Beneficium
519 751 654 807 dedit,
685 753 820 795 vitam
852 752 1042 794 donavit.
1105 765 1312 807 magnum
1344 753 1415 795 be-

131 811 334 854 neficium
365 814 443 863 est,
476 811 614 853 lucem
648 811 768 854 dare:
800 811 897 853 ideo
931 816 1032 853 sunt
1059 814 1259 866 parentes
1285 812 1417 854 caris-

130 870 251 925 simi3
293 873 337 912 et
378 870 445 912 illi
486 871 620 913 vitam
659 871 762 913 dant
798 885 888 912 non
926 870 1222 914 sentientibus.
1285 871 1416 927 quid?
1444 883 1487 914 10

132 929 247 986 quod
290 930 546 972 beneficium
591 930 725 985 dedit,
770 945 867 972 cum
906 930 1146 984 accepisset
1182 929 1416 973 iniuriam?

125 990 212 1032 iam
266 1003 354 1031 non
396 991 568 1031 tantum
614 990 746 1031 vitam
797 993 918 1031 tuam
969 989 1148 1031 donavit
1195 990 1296 1044 tibi,
1341 990 1416 1032 sed

129 1047 262 1091 etiam
293 1047 504 1090 ultionem
534 1063 675 1103 suam3
707 1063 787 1091 nec
819 1051 988 1090 tantum
1020 1063 1108 1090 non
1140 1049 1285 1103 exegit
1317 1064 1415 1104 sup-

127 1107 325 1162 plicium,
371 1107 446 1149 sed
484 1110 615 1149 etiam
653 1108 866 1150 concessit
904 1107 1242 1150 matrimonium.
1312 1109 1415 1163 quid

129 1166 198 1208 his
230 1167 296 1209 vis
329 1166 541 1208 adiciam?
574 1170 750 1209 exorata
783 1170 861 1209 est.
910 1167 1053 1208 solent
1084 1166 1230 1209 dolere
1261 1171 1414 1222 raptae
1443 1179 1485 1210 15

129 1227 173 1268 et
217 1225 431 1268 contineri
472 1240 560 1268 non
603 1229 803 1280 possunt,
845 1240 924 1268 nec
964 1241 990 1267 a
1027 1225 1236 1280 patribus.
1296 1226 1416 1268 dedit

127 1298 232 1340 ergo
281 1284 551 1327 beneficium.
615 1284 756 1334 Quid?
813 1285 847 1326 si
900 1285 1032 1327 etiam
1083 1287 1235 1327 contra
1277 1287 1414 1340 patris

127 1343 396 1386 voluntatem
428 1346 471 1385 te
504 1344 723 1386 servavit?
755 1345 879 1386 illum
912 1344 1104 1398 offendit,
1135 1347 1184 1386 ut
1208 1344 1291 1386 tibi
1315 1360 1414 1400 par—

128 1405 260 1445 ceret:
293 1406 336 1445 et
369 1417 500 1458 quam
531 1403 751 1458 graviter?
786 1403 916 1445 etiam
950 1403 1150 1445 abdicata
1183 1406 1260 1446 est.
1312 1405 1414 1446 dum

128 1461 212 1504 tibi
243 1462 499 1504 beneficium
530 1463 615 1517 dat,
646 1462 742 1517 ipsa
773 1461 932 1516 accipit
963 1462 1178 1505 iniuriam.
1236 1463 1415 1505 donavit
1439 1475 1485 1506 20

126 1521 208 1563 tibi
234 1521 366 1564 etiam
392 1523 703 1563 testamentum
728 1521 878 1576 patris.
909 1521 1131 1576 Accepisti
1157 1535 1259 1577 ergo
1286 1522 1413 1564 bene-

126 1580 284 1635 ficium,
310 1595 398 1623 non
424 1581 614 1624 retulisti
640 1581 842 1636 gratiam.
886 1580 1018 1636 quid?
1052 1581 1088 1623 si
1113 1580 1254 1623 fecisti
1282 1582 1413 1623 etiam

125 1639 361 1682 iniuriam?
395 1640 648 1696 expectatis,
678 1643 729 1682 ut
754 1640 911 1682 dicam:
939 1640 1080 1682 cultus
1106 1640 1313 1695 negavit?
1340 1657 1412 1683 —z

126 1698 300 1741 viduam
331 1699 446 1742 fecit.
491 1702 702 1754 quantum
735 1703 802 1742 est
834 1700 968 1741 vestis
1002 1702 1045 1741 et
1076 1700 1412 1742 ornamentum?

124 1758 404 1801 matrimonia
436 1761 536 1800 sunt
568 1759 621 1800 ab
649 1759 745 1814 ipsa
770 1773 911 1800 rerum
938 1761 1096 1800 natura
1121 1759 1310 1801 inventa.
1351 1760 1411 1801 sic
1437 1770 1482 1801 25

124 1831 266 1859 mares
295 1817 468 1860 feminis
494 1819 743 1874 iunguntur,
775 1822 824 1859 ut
854 1818 1098 1860 inbecillior
1133 1833 1259 1859 sexus
1286 1833 1411 1873 prae-

126 1876 282 1918 sidium
321 1892 372 1919 ex
404 1880 555 1918 mutua
588 1877 796 1919 societate
830 1879 983 1919 sumat.
1046 1880 1154 1930 puta
1184 1877 1304 1918 illam
1337 1877 1411 1918 ha-

125 1934 227 1976 bere
258 1937 442 1990 patrem,
474 1935 528 1977 ad
554 1950 680 1990 quem
707 1950 751 1977 se
777 1936 977 1990 recipiat:
1010 1935 1220 1977 infamata
1245 1939 1312 1977 est
1333 1960 1391 1965 —

123 2007 238 2035 nunc
269 1993 336 2036 bis
368 1994 498 2036 vidua
530 1997 608 2046 est,
639 1993 837 2036 mendico
869 1996 1006 2048 patre.
1069 2007 1170 2049 eigo
1203 1995 1408 2036 maritum

125 2052 268 2108 eripis.
332 2067 458 2108 quem
502 2052 678 2094 tandem
722 2052 956 2094 maritum?
1013 2067 1138 2108 quem
1179 2055 1407 2109 tantopere
1434 2065 1480 2096 30

217 2185 238 2216 2
265 2181 312 2216 ab
338 2180 504 2216 indicata
528 2182 598 2213 Β-
605 2183 631 2213 P
655 2180 667 2223 ΙΙ
698 2183 719 2214 3
745 2180 792 2215 ab
817 2183 843 2214 B
874 2181 887 2224 ΙΙ
918 2184 939 2216 5
967 2180 1005 2215 et
1030 2183 1093 2214 ΔΒ
1125 2182 1137 2227 ΙΙ
1171 2185 1212 2216 13
1238 2192 1312 2216 11011
1338 2193 1405 2217 om.

120 2230 148 2262 Β
166 2228 179 2273 ΙΙ
198 2227 316 2273 exigit
340 2230 404 2262 ΔΒ
423 2228 435 2274 ΙΙ
456 2231 499 2262 19
527 2239 612 2262 cum
636 2229 712 2270 ΔΒ,
750 2238 840 2263 corr.
867 2227 926 2263 Ro
957 2229 1131 2272 1123-24
1161 2229 1325 2274 negavit,
1352 2228 1405 2263 vi—

122 2274 234 2310 duam
261 2275 286 2310 f.
312 2276 397 2319 edd3
424 2285 515 2311 corr
542 2273 600 2309 Ro
618 2275 631 2319 u
650 2278 694 2309 27
721 2274 827 2309 11111111
852 2278 878 2308 Β
898 2275 911 2320 ss
930 2278 974 2310 29
1001 2276 1130 2320 patres
1155 2278 1209 2310 Aa

1116 2334 1189 2369 26*
