1604 2488
404 57 828 99 DEOLAMATIONES.
856 56 1112 94 CCCXXXVI.
1318 56 1404 98 323

119 171 170 212 ut
215 170 266 211 tu
315 182 388 210 aes
439 168 626 210 alienum
669 167 808 222 patris
859 166 1071 222 solv'eres,
1120 176 1272 222 cogere
1323 179 1404 221 ego

117 231 266 271 tamen
295 229 339 269 te
376 242 465 270 non
501 229 716 282 poteram:
760 241 846 269 una
876 225 1037 268 solutio
1071 228 1165 268 erat
1194 225 1313 282 pacti
1343 226 1406 267 in-

116 290 184 330 ter
219 301 301 330 nos
338 286 462 342 facti,
505 289 555 329 ut
590 301 739 328 rursus
779 285 926 328 omnia
964 285 1210 327 communia
1249 288 1407 340 essent,

116 346 163 390 id
193 348 278 402 est,
315 348 365 389 ut
395 347 439 388 et
477 359 631 401 agrum
668 345 987 400 possideremus
1026 347 1070 386 et
1107 359 1181 387 aes
1214 344 1404 387 alienum

118 405 203 448 duo
235 405 514 448 solveremus.
561 418 686 460 ergo
717 404 936 460 convenit,
979 407 1029 446 ut
1066 417 1172 460 ager
1201 406 1303 446 tuus
1341 404 1405 446 ita
1431 414 1452 445 5

117 467 251 520 esset,
288 465 326 506 si
365 479 437 507 aes
477 464 665 507 alienum
703 464 912 507 solveres:
955 478 1045 506 non
1077 463 1258 506 solvisti.
1320 477 1404 519 quo

116 524 209 567 iure
246 523 464 566 vindicare
501 527 625 580 potes
664 538 759 566 eam
796 538 906 579 rem,
943 523 1063 566 cuius
1095 523 1286 578 pretium
1316 536 1405 565 non

118 583 304 626 dedisti?
352 582 494 639 „Ideo,
525 583 680 638 inquit,
710 597 798 625 non
830 583 939 626 solvi
969 597 1040 625 aes
1068 583 1271 637 alienum,
1303 581 1406 637 quia

116 657 254 686 novae
292 643 466 684 tabulae
503 641 865 685 intervenerunt.“
927 641 1142 697 Equidem
1181 642 1405 698 querebar,

117 702 231 758 quod
262 717 350 744 non
381 702 568 744 solvisti:
603 704 793 745 ceterum
825 701 934 743 nihil
967 716 1064 744 mea
1094 702 1288 755 interest,
1320 715 1405 756 qua
1433 710 1476 742 10

117 776 249 804 causa
273 776 362 804 non
401 761 600 816 solveris,
632 776 728 804 cum
762 774 915 816 agrum
947 760 1010 804 ita
1041 761 1213 803 demum
1243 760 1405 802 habere

115 820 324 876 potueris,
355 820 392 862 si
425 821 643 864 solvisses.
693 821 783 863 sive
814 820 933 863 istud
963 822 1040 863 tua
1066 821 1294 863 voluntate
1320 819 1406 862 fac-

115 882 211 922 tum
242 882 310 922 est
341 880 429 922 sive
461 880 726 922 liberalitate
759 879 1020 922 creditorum
1053 880 1143 922 sive
1173 877 1242 937 (ut
1268 879 1404 921 mani-

114 937 276 981 festum
308 937 394 995 est)
421 939 598 994 publica
622 939 895 994 necessitate,
925 953 1014 982 non
1040 939 1221 982 solvisti.
1263 937 1404 989 Quid?

115 998 152 1040 si
190 997 272 1040 hae
303 998 480 1041 tabulae
510 1012 648 1041 novae
680 1001 771 1040 tam
803 998 912 1040 mihi
943 997 1083 1041 factae
1116 1001 1235 1050 sunt,
1273 1012 1403 1054 quam
1431 1007 1474 1039 15

112 1056 224 1100 tibi?
279 1071 382 1100 nam
425 1057 493 1112 (ut
542 1058 672 1113 paulo
724 1060 824 1100 ante
869 1057 1085 1115 dicebam)
1130 1072 1403 1100 communem

115 1130 270 1172 agrum
296 1118 467 1160 constat
492 1117 638 1159 fuisse.
678 1120 804 1172 pater
828 1119 978 1159 noster
1003 1119 1280 1160 contraxerat
1306 1131 1404 1159 cum

113 1175 283 1218 multis:
322 1189 412 1218 non
443 1176 661 1219 erubesco.
722 1191 810 1218 non
840 1177 1114 1219 retinendum
1146 1190 1299 1232 agrum
1330 1175 1404 1217 ha—

113 1233 336 1277 bebamus.
366 1234 709 1290 habe<bamu>sz
728 1250 915 1290 namque
942 1249 1023 1291 ego
1048 1235 1130 1278 hoc
1155 1236 1264 1291 ipso,
1289 1234 1404 1290 quod

113 1293 197 1336 tibi
234 1293 360 1348 cessi,
397 1293 619 1336 dominum
662 1295 743 1349 egi.
806 1295 943 1350 igitur
976 1310 1074 1337 cum
1107 1309 1299 1337 essemus
1330 1294 1402 1337 he·
1429 1304 1474 1336 20

113 1351 236 1395 redes
268 1353 404 1408 patris
436 1354 590 1409 nostri,
621 1353 846 1396 debuimus
879 1354 1019 1398 ambo.
1070 1354 1114 1395 id
1141 1355 1202 1396 sic
1229 1354 1404 1409 colligo.

112 1411 230 1466 finge
261 1426 355 1454 esse
387 1412 576 1468 aliquem
610 1427 661 1454 ex
686 1413 971 1455 creditoribus
998 1413 1250 1468 petitorem:
1282 1428 1404 1455 num-

114 1471 219 1526 quid
247 1474 394 1526 petere
427 1487 453 1514 a
490 1474 533 1514 te
557 1474 698 1514 totam
736 1487 949 1515 summam
986 1474 1162 1528 potest?
1213 1472 1404 1527 minime,

111 1532 162 1573 ut
205 1531 370 1586 opinor.
432 1531 540 1574 duos
579 1531 695 1574 enim
735 1534 861 1586 pater
891 1536 1041 1574 noster
1070 1532 1183 1575 filios
1214 1531 1404 1587 reliquit,

112 1592 156 1632 et
193 1603 369 1633 necesse
407 1593 490 1642 est,
529 1590 641 1634 siout
677 1591 810 1645 bona,
847 1591 912 1633 ita
943 1606 1074 1634 onera
1107 1606 1276 1647 quoque
1309 1605 1402 1633 esse
1428 1600 1474 1634 25

111 1650 367 1692 eommunia.
428 1653 597 1705 partem
637 1664 739 1706 ergo
771 1654 820 1692 tu
851 1651 1056 1706 debuisti,
1094 1654 1264 1706 partem
1302 1664 1402 1706 eg03

111 1722 196 1764 quo
229 1708 509 1765 efficiebatur,
542 1712 590 1752 ut
619 1713 789 1765 partem
822 1710 1023 1753 solveres.
1074 1710 1286 1752 faciamus
1318 1710 1401 1752 hoc

109 1767 394 1811 manifestius.
471 1769 587 1825 finge
632 1783 726 1811 esse
770 1769 960 1825 aliquem
1005 1784 1057 1812 ex
1101 1770 1401 1824 creditoribus,

110 1827 185 1882 qui
215 1829 386 1882 partem
411 1828 565 1870 crediti
592 1828 659 1870 sui
684 1843 710 1870 a
741 1843 810 1871 me
836 1831 977 1883 petat:
1010 1829 1112 1884 quid
1137 1829 1399 1883 respondere

107 1886 315 1941 possum?
355 1900 539 1942 »agrum
569 1887 695 1929 fratri
729 1887 843 1942 dedi3
877 1902 975 1941 cum
1005 1888 1140 1930 fratre
1172 1902 1268 1930 meo
1302 1902 1399 1930 con·
1426 1898 1472 1929 30

107 1945 229 1988 venit
254 1945 374 2000 mihi,
398 1949 447 1988 ut
471 1946 545 1988 ille
572 1946 800 1989 solveret«.
851 1961 955 1989 num
981 1946 1158 1989 dubium
1184 1950 1264 2002 est,
1296 1947 1401 2003 quin

207 2113 225 2145 1
251 2109 352 2155 patri
379 2109 534 2146 solveris
559 2113 627 2144 AB
661 2110 672 2155 ΙΙ
704 2114 724 2145 2
763 2111 801 2145 te
827 2113 953 2146 tamen
978 2113 1005 2144 B
1036 2112 1048 2157 ss
1081 2115 1099 2146 7
1126 2123 1163 2156 p.
1190 2110 1297 2146 illam
1322 2122 1399 2146 rem

107 2159 160 2192 Ba
177 2159 189 2203 ss
214 2161 235 2192 9
263 2159 302 2193 et
326 2157 478 2202 quidem
504 2160 556 2191 Ab
575 2159 587 2202 ΙΙ
610 2161 651 2192 11
678 2157 734 2192 ita
752 2168 818 2194 om.
838 2160 866 2192 B
890 2160 903 2203 ss
930 2162 973 2194 19
999 2159 1243 2194 habebamus.
1271 2158 1401 2201 habes,

109 2215 270 2249 namque
296 2206 375 2242 edd.
401 2216 467 2241 sec.
494 2207 576 2250 AB,
602 2216 694 2241 corr.
710 2205 788 2247 R0;
815 2206 1059 2250 habebamus,
1085 2206 1195 2242 ambo
1222 2206 1399 2241 heredes:

107 2262 142 2287 n.
157 2252 233 2288 Aer
251 2254 263 2298 ΙΙ
282 2256 327 2288 26
353 2254 395 2288 tu
416 2253 451 2287 d.
471 2264 506 2297 p.
529 2263 599 2298 ego
625 2263 690 2289 om.
712 2255 765 2287 Aa
784 2254 795 2298 ΙΙ
814 2257 858 2288 27
887 2253 1076 2289 efficiebar
1102 2256 1128 2287 B
1148 2255 1160 2299 ss
1180 2257 1226 2289 30
1248 2253 1354 2288 dedit
1372 2255 1399 2286 B

1108 2312 1183 2347 21*
