1604 2488
238 126 323 169 226
717 128 1017 171 QUINTILIANI

235 247 324 275 non
361 237 451 276 erat
488 234 593 276 satis
630 248 707 288 pro
745 249 790 277 se
827 236 980 291 dicere,
1019 237 1126 280 mihi
1161 252 1248 280 non
1283 240 1493 284 mediocre

236 294 534 346 argumentum
588 294 664 334 est.
735 293 771 334 si
824 294 918 348 quis
974 295 1085 337 enim
1137 297 1260 339 testis
1313 298 1492 342 idoneus

235 350 405 403 fuisset,
441 349 653 392 videretur
690 350 814 393 huius
854 352 1007 395 fiducia
1037 354 1331 398 calumniatus.
1392 357 1492 412 quid

234 408 279 449 in
311 422 439 450 causa
470 410 535 449 est
564 411 732 462 praeter
762 410 997 464 veritatem,
1026 414 1075 453 ut
1105 411 1256 466 aliquis
1287 413 1331 455 id
1358 418 1491 470 petat,

188 474 208 506 5
235 466 347 520 quod
378 466 551 521 probari
580 481 667 508 non
697 467 863 522 possit?
908 471 950 510 et
979 469 1191 512 infitiandi
1221 472 1390 525 quidem
1420 472 1489 515 de-

231 524 418 578 positam
465 524 686 578 pecuniam
734 525 962 568 manifesta
1004 528 1115 570 ratio
1155 531 1237 584 est,
1278 530 1490 584 cupiditas

230 582 352 635 lucri3
385 582 558 636 petendi
585 583 714 625 etiam
738 598 824 626 non
854 584 1104 640 depositam,
1135 586 1172 628 si
1203 601 1310 642 quae
1336 588 1489 643 proba-

230 640 360 682 tionis
399 655 508 694 spes,
547 641 694 682 eadem
730 656 857 684 causa
895 644 966 685 sit:
1005 657 1100 685 cum
1132 644 1301 700 quidem
1331 646 1485 701 aliquis

232 697 335 740 dicit
365 699 571 753 »deposui
603 699 714 753 apud
744 703 800 753 te,
831 701 913 742 scis
943 701 1075 756 ipse«,
1107 702 1207 757 quid
1239 703 1352 745 aliud
1375 704 1490 746 vide-

162 765 206 797 10
229 759 299 798 tur
329 756 552 811 advocare,
583 771 710 812 quam
741 758 840 800 deos
871 759 1035 801 testes?
1075 759 1201 802 dicite
1231 761 1362 816 igitur
1390 776 1487 804 cau-

231 828 334 868 sam,
352 824 496 869 'quare
526 815 710 870 petierit,
741 816 777 858 si
807 831 894 859 non
925 817 1190 872 deposuerat.

316 872 485 914 Habere
527 874 749 928 pecuniam
790 875 949 929 potuit:
999 876 1274 918 manifestum
1318 879 1399 919 est:
1444 880 1487 919 et

227 930 319 984 ipse
350 931 521 985 reliquit
550 931 726 974 heredes
752 935 796 974 et
820 933 869 987 is,
899 933 970 987 qui
995 934 1183 976 eiusdem
1209 934 1368 977 ordinis
1391 934 1486 978 fuit.

226 988 385 1030 multas
435 989 705 1043 deponendae
754 991 959 1044 pecuniae
1001 992 1257 1034 intervenire
1298 993 1485 1035 rationes

141 1055 200 1087 ·15
225 1047 337 1088 inter
368 1047 542 1101 milites,
579 1047 852 1090 manifestum
884 1051 964 1091 est:
1002 1049 1178 1104 longum
1208 1050 1289 1092 iter
1319 1050 1483 1105 incidit,

225 1105 463 1158 periculosa
493 1105 716 1159 expeditio.
759 1107 794 1147 si
826 1106 1074 1161 deponenda
1105 1108 1171 1162 sit,
1201 1108 1274 1149 ubi
1305 1107 1481 1150 credibi—

223 1163 306 1203 lius
345 1165 410 1204 est
447 1163 616 1217 deponi,
654 1178 781 1217 quam
813 1165 923 1218 apud
954 1165 1169 1206 hominem
1201 1165 1388 1207 eiusdem
1419 1180 1484 1208 or-

225 1219 364 1262 dinis?
400 1235 500 1262 nam
531 1223 701 1275 praeter
731 1221 786 1276 id,
816 1222 928 1276 quod
958 1222 1125 1265 facilior
1156 1225 1349 1278 speratur
1378 1223 1483 1266 fides

224 1293 274 1320 ex
308 1278 420 1332 pari,
459 1281 524 1320 est
559 1279 767 1333 quaedam
804 1280 992 1322 ciusdem
1030 1281 1191 1323 ordinis
1222 1281 1483 1335 coniuncti03

153 1345 198 1377 2ο
223 1337 329 1390 <nec
361 1336 472 1390 apud
503 1337 791 1391 superiorem>
814 1352 892 1380 nec
923 1338 1035 1393 apud
1058 1338 1302 1381 inferiorem
1329 1339 1484 1394 deponi

222 1395 343 1448 solet,
373 1408 468 1436 cum
498 1395 592 1437 ideo
624 1395 872 1450 deponatur,
902 1398 950 1437 ut
980 1397 1219 1451 recipiatur.
1279 1397 1479 1439 credibile

222 1455 286 1494 est
317 1466 419 1508 ergo
446 1453 558 1507 apud
582 1453 799 1495 hominem
824 1454 1007 1496 eiusdem
1034 1455 1195 1496 ordinis
1223 1455 1480 1509 deposuisse.

218 1514 288 1565 „at
320 1510 410 1552 sine
440 1510 587 1552 teste.“
639 1511 690 1552 de
722 1512 918 1554 omnibus
951 1512 1155 1567 depositis
1186 1513 1347 1568 loquar.
1401 1514 1480 1554 mi-

220 1582 314 1610 sera
344 1568 515 1610 hercule
547 1569 737 1611 condicio
773 1571 1059 1625 mortalitatis,
1090 1571 1256 1625 quando
1282 1571 1479 1613 omnibus

148 1635 193 1667 25
217 1626 316 1680 iam,
348 1641 456 1680 quae
488 1627 670 1681 agimus,
701 1628 868 1669 videtur
900 1643 1006 1682 opus
1038 1642 1128 1670 csse
1159 1632 1285 1671 teste:
1316 1629 1378 1671 ita
1407 1644 1479 1684 pa-

216 1699 311 1726 rum
352 1684 457 1725 facit
498 1684 673 1740 veritas,
727 1686 790 1727 ita
830 1686 995 1727 nullum
1038 1686 1368 1739 momen<tum>
1414 1689 1479 1728 est

215 1741 325 1784 fidei.
384 1756 472 1784 non
503 1743 606 1784 satis
636 1742 769 1784 videri
799 1746 941 1798 potest
971 1745 1214 1798 probatum,
1250 1744 1362 1798 quod
1393 1744 1475 1787 duo

216 1800 386 1842 sciunt?

302 1858 534 1900 Veniamus
563 1861 708 1901 tamen
738 1857 804 1915 (ut
836 1858 941 1914 dixi)
974 1859 1026 1901 ad
1056 1859 1363 1914 probationem.
1410 1874 1476 1902 oc-

143 1927 188 1960 3ο
214 1916 316 1959 cidit
340 1931 449 1972 eum,
482 1932 507 1959 a
532 1931 615 1972 quo
640 1918 819 1972 pecunia
836 1918 1084 1973 negabatur.
1126 1918 1280 1960 iterum
1299 1932 1475 1972 quaero:

214 1990 296 2030 qua
325 1976 506 2030 ratione,
539 1990 622 2030 qua
652 1976 809 2018 causa?
856 1975 1027 2031 „odium
1056 1975 1175 2018 fuitf‘
1222 1976 1362 2018 unde?
1394 1990 1473 2031 ego

304 2094 325 2125 6
350 2089 565 2135 cupiditatis
596 2093 683 2124 AbB
703 2090 715 2135 ΙΙ
735 2095 754 2125 7
781 2090 994 2136 depositum
1018 2094 1043 2124 B
1062 2091 1074 2135 Η
1095 2093 1136 2124 12
1162 2089 1300 2135 poterit
1323 2092 1376 2123 Aa
1393 2090 1406 2134 ΙΙ
1426 2093 1470 2124 14

209 2136 426 2182 deponendo
451 2140 477 2171 Β
496 2138 509 2182 ss
526 2136 709 2172 ractiones
735 2139 788 2170 Aa
805 2139 817 2182 ΙΙ
839 2141 884 2172 15
913 2137 970 2172 est
993 2146 1057 2172 om.
1083 2139 1109 2170 B
1128 2137 1139 2181 Η
1160 2139 1202 2170 18
1221 2135 1366 2171 facilius
1391 2147 1471 2180 npe-

209 2185 330 2219 ctatur
353 2186 378 2217 B
399 2186 410 2228 fl
429 2187 475 2219 2ο
499 2182 594 2231 <nec
620 2183 717 2229 apud
737 2184 966 2229 superiorem
1018 2182 1075 2218 Ro
1100 2185 1138 2218 et
1150 2182 1202 2218 Εἰ
1218 2183 1231 2227 ΙΙ
1250 2186 1292 2217 22
1315 2182 1394 2217 eius
1413 2185 1443 2216 A
1459 2183 1468 2227 Ἰ

207 2233 251 2265 23
289 2235 329 2265 Ν
366 2233 395 2263 Δ
426 2231 438 2275 ΙΙ
471 2234 515 2265 26
552 2241 685 2266 nomen
714 2233 787 2274 AB,
827 2241 921 2267 corr.
997 2240 1017 2265 ο
1042 2233 1231 2274 praeterea
1260 2239 1468 2274 proponens

206 2288 357 2319 numen;
383 2277 438 2311 ita
465 2276 605 2312 nudum
630 2287 763 2312 nomen
789 2279 845 2312 est
871 2277 962 2312 fides
980 2276 1042 2312 Bu
1059 2278 1072 2321 ss
1090 2279 1133 2311 31
1161 2286 1248 2320 ergo
1274 2276 1464 2320 Anat—P)
