1604 2488
412 92 838 132 DECLAMATIONES.
866 93 1088 130 CCLXXIII.
1309 95 1330 135 1
1339 94 1361 135 1
1368 93 1393 136 9

105 221 247 250 neres:
280 206 475 248 detracto
506 218 603 247 aere
629 203 771 246 alieno
797 202 926 256 omni,
957 202 1162 245 detractis
1190 203 1393 245 oneribus

103 267 316 309 bonorum
361 264 475 320 quod
511 263 729 306 residuum
767 277 820 304 ex
856 262 1117 316 patrimonio
1149 262 1318 317 fuisset,
1351 262 1394 304 id

107 325 189 368 tibi
219 325 289 368 lex
320 323 587 367 concederet.
619 336 744 378 quem
775 322 910 377 igitur
941 322 1156 364 calculum
1183 336 1279 364 cum
1307 322 1393 364 alio

105 384 328 440 posuisses,
358 397 496 439 ponas
522 395 696 424 necesse
722 383 788 423 est
811 383 967 423 tecum.
1011 396 1113 423 nam
1140 382 1394 436 patrimonii

106 444 154 487 in
185 443 323 486 alium
353 441 582 486 transituri
614 455 664 483 ea
693 440 806 483 ratio
833 442 912 495 est,
942 443 992 483 ut
1016 440 1205 495 primum
1231 440 1393 484 credito

109 502 308 546 satisfiat.
368 504 539 557 partem
579 503 801 556 tamquam
833 499 1003 542 debitor
1034 500 1186 555 solvit,
1224 502 1394 555 partem

107 564 332 617 tamquam
377 561 564 603 creditor
607 559 777 615 accipis.
846 559 978 601 etiam
1020 574 1134 602 nunc
1178 560 1394 615 fingamus

108 621 219 664 alios
245 621 482 664 creditores
509 623 553 662 et
577 618 686 661 nihil
706 619 752 661 in
771 618 1034 674 patrimonio
1055 619 1170 675 quod
1190 619 1394 675 supersit-3

106 680 151 724 id
176 683 225 723 ut
253 679 527 722 manifestius
555 681 683 734 atque
710 678 902 733 apertius
930 678 1082 733 dicam,
1109 679 1197 721 sint
1225 693 1394 734 posses-

105 740 250 783 siones
281 739 382 782 huic
415 738 694 794 deprehenso,
725 738 813 780 sint
839 738 1066 793 mancipia,
1099 738 1303 793 supellex,
1336 738 1394 780 sit

103 814 176 841 aes
209 799 410 853 alienum,
443 798 511 840 cui
542 798 631 840 aeri
659 797 800 839 alieno
827 811 916 839 non
942 797 1160 840 sufficiant
1187 812 1248 852 ea,
1281 812 1392 852 quae

104 858 151 900 in
181 858 444 913 patrimonio
478 859 596 899 sunt:
636 856 865 911 occupabis
898 857 1126 912 mancipia,
1158 857 1393 912 occupabis

102 917 434 972 supellectilem,
473 916 706 958 creditores
745 916 896 958 inanes
936 916 1126 958 excuties
1166 919 1294 971 atque
1333 915 1392 957 di-

102 975 282 1018 mittes?>
313 990 401 1018 non
431 977 577 1031 potest
607 975 689 1017 hoc
723 989 907 1030 aequum
938 974 1072 1017 videri
1103 975 1277 1018 tibimet
1308 975 1394 1030 ipsi

100 1033 354 1078 faeneranti.
417 1034 562 1077 omnia
583 1034 733 1090 *igitur
771 1049 838 1087 ea,
876 1049 986 1090 quae
1030 1037 1308 1090 apparerent,
1347 1035 1392 1076 in

101 1094 314 1137 creditum
351 1096 396 1137 et
426 1094 472 1136 in
505 1108 576 1136 aes
610 1093 800 1136 alienum
831 1094 1111 1148 transissent3
1143 1097 1214 1149 tu,
1246 1109 1393 1149 quam-

104 1154 172 1196 vis
201 1153 344 1210 legem
373 1152 576 1209 haberes,
609 1168 693 1210 qua
723 1153 805 1195 tibi
831 1153 1016 1195 adulteri
1047 1153 1164 1196 bona
1194 1153 1395 1195 deberen-

101 1215 192 1267 tur,
229 1212 339 1255 nihil
377 1215 524 1256 tamen
565 1227 616 1255 ex
648 1213 739 1254 eius
773 1212 960 1255 adulteri
990 1213 1135 1268 bonis,
1175 1212 1250 1268 qui
1283 1212 1395 1254 nihil

102 1270 299 1324 haberet,
337 1273 585 1328 recepisses.
654 1272 714 1314 sic
758 1286 862 1329 ergo
901 1275 1045 1314 tecum
1085 1272 1255 1314 debitor
1295 1275 1393 1313 tuus

103 1330 313 1386 loquitur:
344 1332 484 1374 »bona
516 1346 623 1385 mea,
654 1330 699 1372 id
725 1333 803 1387 est,
836 1331 951 1387 quod
977 1331 1164 1373 liberum
1190 1331 1234 1372 in
1257 1330 1393 1386 patri-

103 1390 251 1432 monio
302 1405 399 1433 meo
450 1393 517 1433 est
563 1392 607 1432 et
651 1390 764 1445 quod
813 1391 986 1446 proprie
1037 1405 1198 1445 meum,
1255 1389 1309 1432 ad
1352 1393 1395 1432 te

101 1449 290 1491 transire
322 1449 451 1491 debet
480 1449 589 1505 lege.
650 1449 768 1504 prius
801 1449 941 1492 solvo:
990 1452 1034 1492 et
1072 1450 1173 1505 quid
1213 1449 1396 1492 interest

103 1521 184 1564 ego
218 1508 399 1564 solvam,
432 1523 487 1550 an
518 1511 566 1550 tu
600 1508 823 1550 auferas?«
884 1508 987 1551 Non
1018 1508 1147 1551 debet
1179 1522 1281 1564 ergo
1313 1508 1395 1550 tibi

101 1567 151 1622 is,
189 1567 258 1610 cui
294 1567 520 1624 pecuniam
551 1567 792 1610 credidisti:
835 1568 972 1610 multo
1005 1568 1147 1610 minus
1182 1581 1281 1623 ego,
1322 1568 1395 1623 qui

101 1626 297 1682 profecto
343 1627 507 1669 solutus
554 1641 665 1681 sum,
709 1626 747 1669 si
790 1627 901 1669 alter
943 1627 1031 1669 iam
1076 1627 1219 1670 solvit.
1292 1627 1394 1682 quid

100 1686 214 1728 enim
252 1685 447 1741 alioquin
483 1685 624 1729 facere
661 1701 730 1728 me
767 1686 864 1729 vis?
913 1687 1086 1742 integro
1126 1688 1243 1729 statu
1276 1686 1392 1728 debi—

99 1745 209 1788 toris
247 1745 334 1787 mei
375 1745 411 1787 si
442 1760 468 1787 a
499 1759 568 1787 me
599 1748 746 1801 petere
779 1745 1027 1800 maluisses,
1067 1746 1120 1788 ad
1153 1746 1393 1788 debitorem

99 1806 355 1861 reverterer3
395 1805 433 1847 si
471 1804 642 1848 debitor
680 1804 937 1848 decessisset
974 1807 1018 1848 et
1055 1805 1172 1847 bona
1216 1805 1306 1849 eius
1340 1805 1394 1847 ad

99 1862 303 1906 heredem
334 1864 646 1920 pervenissent,
685 1864 739 1906 ad
770 1864 974 1907 heredem
1006 1864 1205 1920 redirem,
1238 1865 1282 1907 id
1315 1868 1393 1919 est,

99 1922 216 1966 bona
240 1938 521 1979 persequerer
545 1923 812 1979 patrimonii,
844 1938 923 1979 pro
950 1939 1035 1979 quo
1063 1937 1144 1980 ego
1166 1924 1390 1979 spopondi.

101 1981 251 2035 †idem
283 1997 328 2024 es
360 1984 501 2038 reus,†
532 1997 558 2025 a
584 1997 668 2038 quo
694 1982 759 2024 fui
783 1983 1057 2038 repetiturus,
1090 1984 1128 2025 si
1154 1983 1257 2038 quid
1282 1986 1393 2025 tam-

197 2055 218 2086 2
244 2062 318 2097 quo
344 2054 370 2085 B
397 2052 450 2097 114
475 2051 636 2098 posuisti
664 2055 743 2095 AB,
770 2062 861 2088 corr.
890 2052 945 2087 Gr
962 2054 975 2096 ΙΙ
994 2056 1015 2087 9
1043 2052 1119 2088 sint
1143 2053 1185 2087 ut
1209 2064 1245 2098 p.
1271 2055 1298 2086 B
1318 2054 1329 2098 ΙΙ
1352 2056 1393 2087 11

102 2109 179 2135 non
203 2097 447 2134 iusuffuoiant
470 2102 501 2133 A
517 2100 531 2145 ss
553 2103 596 2134 12
624 2101 711 2134 sunt
736 2110 802 2134 om.
829 2102 856 2133 B
875 2100 887 2144 ΙΙ
906 2102 1002 2144 patr.
1029 2110 1125 2144 quae
1152 2111 1227 2135 occ.
1248 2102 1300 2134 Ba
1318 2100 1330 2144 ΙΙ
1353 2104 1393 2134 13

103 2145 278 2182 demittes
304 2149 367 2180 ΑΒ
387 2148 398 2192 ΙΙ
420 2151 464 2181 14
488 2147 600 2182 timet
623 2149 650 2180 B
670 2147 681 2191 ΙΙ
704 2150 747 2182 16
772 2147 811 2181 in
838 2157 900 2182 eas
916 2150 955 2181 >Δ
974 2147 986 2191 ΙΙ
1006 2150 1050 2182 22
1071 2147 1196 2194 legem
1214 2150 1241 2181 Β
1261 2149 1273 2193 ΙΙ
1291 2147 1394 2193 prius

105 2191 333 2241 (debitum)
357 2195 424 2230 sol.
450 2194 509 2230 Ro
528 2196 540 2241 ΙΙ
559 2198 604 2229 28
631 2193 782 2230 deceset
805 2196 952 2240 A21129
978 2193 1243 2240 *pervenirent
1274 2198 1307 2230 et
1336 2205 1394 2229 re-

105 2239 242 2276 dissem
272 2244 337 2274 AB
369 2243 381 2287 ΙΙ
413 2246 457 2277 31
483 2242 583 2277 idem
611 2251 710 2276 esses
740 2251 825 2276 reus
851 2242 918 2285 Gr,
944 2243 1044 2277 esset
1071 2241 1164 2285 Sem
1188 2243 1332 2277 malim:
1358 2244 1395 2276 et

106 2289 206 2323 esset
230 2299 314 2324 reus
333 2290 344 2334 ΙΙ
365 2300 387 2323 a
412 2301 448 2333 q.
473 2288 603 2333 fugere
629 2288 815 2333 petiturus
840 2292 882 2333 Δ,
909 2300 931 2325 a
958 2301 992 2334 q.
1021 2289 1078 2325 sui
1102 2300 1179 2335 rep.
1207 2293 1233 2322 P

1420 451 1440 482 ΕΞ·

1423 747 1465 779 10

1421 1046 1464 1075 15

1421 1341 1468 1373 20

1421 1638 1466 1668 25

1418 1934 1463 1965 30
