1604 2488
431 104 855 155 DECLAMAnoNEs.
894 116 1099 154 cccxxu.
1319 117 1405 160 267

119 231 186 272 ter
230 227 453 271 modestus
501 229 583 270 est:
631 227 764 270 etiam
805 227 843 269 si
884 226 986 284 quid
1028 226 1172 270 facere
1217 227 1406 269 severius

119 287 275 343 voluit,
305 287 494 330 minatus
526 289 603 330 est.
664 287 734 330 hic
766 289 920 330 contra
950 286 1091 342 qualis
1124 285 1407 329 adulescens?

119 349 169 390 ut
216 346 339 396 nihil.
382 346 500 389 aliud
556 346 759 402 obiciam,
814 361 946 402 quam
995 346 1110 402 quod
1165 346 1257 402 ipse
1308 360 1408 389 con-

119 406 260 450 fessus
305 408 389 461 est,
432 421 563 462 quam
600 405 716 461 quod
752 406 918 462 gloriae
954 406 1050 448 1080
1087 420 1166 461 pro
1206 405 1408 448 contione

119 466 246 510 dixit:
289 468 460 521 patrem
498 481 623 509 suum
662 465 851 509 occidere
893 465 1047 521 potuit.
1108 480 1197 508 non
1234 479 1406 521 quaero,

121 540 176 568 an
211 525 489 568 innocentem
531 549 580 556 —-
626 525 708 568 erit
742 524 871 568 huius
913 525 976 568 rei
1018 525 1276 580 procedente
1315 539 1409 568 ora-

119 584 240 628 tione
269 585 399 628 nobis
430 585 550 628 locus
579 599 655 626 —:
687 584 875 639 interim,
908 583 1102 628 occidere
1133 587 1304 640 patrem
1333 599 1407 640 po·

118 644 215 688 tuit.
277 644 381 700 quid
410 659 500 687 non
531 644 657 687 cadat
687 644 732 686 in
762 644 876 687 hunc
909 644 1131 687 animum?
1182 643 1287 700 quid
1317 658 1410 686 non

119 703 364 760 recipi<a>t
403 703 510 747 haec
539 703 793 747 temeritas?
843 704 986 747 minus
1019 707 1085 746 est
1117 704 1231 759 quod
1262 706 1408 759 negat.

120 763 158 806 si
178 763 501 819 componendus
520 763 648 806 nobis
673 766 786 806 esset
806 763 977 819 aliquis,
1002 763 1076 819 qni
1101 763 1406 818 opprimere[t]

119 837 212 865 rem
232 823 465 878 publicam,
496 823 570 879 qui
589 822 835 866 libertatem
860 823 1026 878 patriae
1053 822 1221 866 auferre
1246 825 1408 877 posset,

120 897 251 938 quam
287 882 465 925 tandem
506 885 697 925 mentem
729 883 858 925 aliam
891 881 1268 925 existimaremus?
1330 882 1408 924 fin·

119 954 272 997 gamus
298 941 519 984 hominem
551 944 788 997 cruentum,
819 942 1040 984 hominem
1073 941 1299 995 crudelem,
1331 941 1408 983 ho-

118 1000 294 1056 minem,
325 1000 440 1055 apud
466 1015 593 1056 quem
625 1001 735 1043 nihil
766 1001 937 1044 valeant
972 1001 1067 1043 iura
1102 1003 1297 1044 naturae.
1342 1004 1407 1042 est

118 1059 331 1115 quaedam
370 1060 594 1103 scelerum.
624 1060 818 1115 ipsorum
858 1060 1061 1115 societas,
1106 1059 1213 1102 adeo
1252 1062 1301 1102 ut
1340 1060 1410 1102 vel

116 1133 204 1162 uno
249 1119 462 1175 appellari
503 1120 679 1162 nomine
723 1120 915 1175 potuerit
958 1122 1189 1175 utrumque
1229 1119 1406 1174 parrici-

118 1178 250 1221 dium.
318 1177 438 1234 Ergo
477 1181 521 1221 et
561 1194 613 1222 ex
653 1179 871 1222 aetatibus
914 1183 958 1222 et
1000 1194 1051 1221 ex
1089 1179 1286 1221 moribus
1319 1193 1409 1222 cre·

120 1237 296 1280 dibilius
321 1240 388 1280 est
419 1237 683 1281 adfectatam
709 1239 764 1281 ab
791 1239 1070 1281 adulescente
1097 1253 1229 1294 quam
1255 1253 1280 1280 a
1308 1252 1410 1281 sene

117 1296 408 1352 tyrannidem.

207 1354 364 1399 Cetera
402 1356 548 1411 qualia
586 1357 718 1399 sunt?
776 1371 825 1399 ac
862 1356 1052 1411 primum
1089 1359 1133 1398 te
1171 1356 1409 1411 interrogo,

119 1416 156 1458 si
201 1415 409 1458 adfectari
450 1415 726 1470 tyrannidem
770 1431 795 1458 a
836 1418 962 1471 patre
1001 1419 1076 1459 tuo
1115 1415 1411 1469 existimabas,

118 1489 194 1517 cur
224 1473 446 1528 occideris,
486 1478 719 1531 antequam
750 1474 1073 1518 criminareris‘?
1123 1489 1261 1530 neque
1293 1474 1410 1517 enim

119 1533 309 1576 difficilis
348 1533 588 1589 damnatio,
631 1549 710 1577 nec
747 1535 880 1590 longa
918 1534 1066 1577 iudicii
1104 1549 1226 1577 mora
1264 1548 1410 1590 seque·

118 1592 261 1636 batur.
323 1596 558 1649 apparatus
590 1594 836 1648 tyrannidis
869 1596 961 1636 erat
991 1594 1037 1637 in
1069 1593 1210 1637 domo.
1251 1593 1409 1648 „dedu-

118 1651 276 1695 cendus
317 1655 465 1696 tamen
502 1653 556 1695 ad
594 1653 925 1710 magistratus“.
987 1656 1031 1696 et
1056 1653 1138 1696 1108
1170 1655 1286 1697 certe
1318 1667 1409 1695 non

119 1711 294 1754 difficile
336 1711 421 1754 fuit
459 1711 662 1755 adversus
702 1727 848 1756 senem
885 1713 944 1768 81,
988 1713 1062 1768 qui
1100 1712 1259 1756 occidit
1300 1727 1411 1766 811111,

119 1784 247 1826 quem
276 1771 582 1815 criminaturus
615 1774 727 1827 erat,
758 1775 807 1815 ut
836 1772 1118 1828 responderet
1150 1772 1246 1816 sibi.
1307 1771 1350 1815 N
1354 1786 1411 1814 on

117 1832 264 1886 potest
301 1844 405 1887 ergo
443 1831 579 1874 videri
618 1833 681 1874 rei
717 1832 916 1887 publicae
953 1832 1095 1888 gratia
1126 1831 1300 1884 fecisse,
1341 1831 1412 1874 cui

118 1889 217 1944 plus
236 1890 364 1933 aliter
388 1891 696 1945 praestitisset:
722 1906 835 1933 nunc
862 1892 1144 1945 excutiamus„
1170 1906 1254 1946 qua
1280 1905 1410 1934 causa

213 2033 234 2065 3
260 2028 327 2066 ille
351 2032 378 2064 Β
408 2031 421 2075 ΙΙ
449 2034 471 2065 4
497 2030 640 2076 gloriae
665 2031 736 2066 hoc
762 2041 829 2076 pro
855 2034 882 2065 B
910 2033 922 2077 Η
952 2035 972 2067 9
999 2031 1213 2080 recipi<a>t
1239 2033 1314 2068 Aer
1332 2033 1344 2078 ΙΙ
1367 2036 1410 2068 10

117 2078 219 2113 esset
234 2077 346 2114 nobis
363 2080 391 2112 Β
410 2078 423 2123 ΙΙ
442 2077 705 2125 opprimere[t]
726 2078 784 2114 Ro
802 2080 814 2124 ΙΙ
836 2083 880 2114 14
905 2080 1070 2115 habeant
1094 2082 1174 2124 AB,
1201 2092 1292 2117 corr.
1313 2085 1410 2116 auct.

117 2125 244 2161 incert.
271 2137 331 2170 ap.
358 2127 446 2168 Aer,
469 2126 566 2161 nihil
590 2125 731 2161 habeat
755 2125 845 2161 iuris
874 2129 1006 2163 natura
1035 2126 1090 2162 Gr
1115 2129 1127 2172 ΙΙ
1155 2131 1198 2163 15
1225 2129 1263 2163 et
1287 2131 1314 2162 B
1334 2129 1346 2174 Η
1368 2131 1410 2163 17

118 2174 162 2207 ut
184 2173 373 2208 aetatibus
399 2183 444 2208 ex
468 2175 495 2207 B
527 2174 538 2218 ΙΙ
572 2176 615 2208 18
641 2174 697 2208 est
722 2183 790 2209 om.
815 2176 842 2208 B
874 2176 886 2219 u
918 2178 964 2210 20
990 2176 1029 2210 at
1054 2177 1081 2209 Β
1106 2176 1119 2220 ΙΙ
1148 2179 1193 2211 22
1221 2175 1411 2212 occideres

118 2221 203 2263 Aa,
242 2231 333 2256 corr.
365 2220 424 2256 Ro
455 2224 489 2256 et
520 2220 575 2257 Ri
610 2221 621 2265 ss
658 2224 703 2255 23
730 2220 895 2257 iudicum
921 2233 986 2258 ora
1011 2225 1038 2256 Β
1075 2223 1088 2267 [Ι
1124 2226 1171 2258 24
1196 2222 1411 2259 educendus

119 2265 175 2302 Gr
197 2267 211 2312 ss
229 2271 281 2303 ΞΤ
301 2269 382 2304 erat
406 2278 473 2305 om.
499 2271 526 2302 B
546 2269 558 2313 ΙΙ
577 2269 635 2314 ut]
662 2280 708 2304 ne
735 2268 790 2304 Gr
808 2269 820 2314 u
838 2272 883 2305 28
909 2271 1017 2315 potes
1046 2269 1116 2306 Seh
1134 2271 1146 2316 ΙΙ
1165 2274 1210 2306 29
1238 2271 1334 2306 alter
1358 2273 1385 2303 Β
1400 2270 1411 2315 ‘ej

118 2313 372 2359 praestitisses
399 2315 469 2352 Sch

1437 773 1480 806 10

1438 1071 1480 1102 15

1436 1367 1480 1400 20

1436 1664 1480 1696 25
