1604 2488
265 77 352 121 292
745 77 1045 121 QUINTILIANI

267 186 303 227 si
336 184 626 227 miserabilem
659 197 703 226 se
733 183 894 238 fecerit,
925 185 962 226 si
993 180 1149 227 amisso
1181 185 1315 228 altero
1340 185 1430 228 filio
1456 185 1524 228 de-

265 245 463 298 precatus
494 242 624 284 fuerit
654 256 732 296 pro
764 243 927 284 iuvene.
965 245 1064 285 sunt
1087 243 1172 285 ista
1195 243 1241 285 in
1265 243 1358 286 aliis
1385 244 1524 286 causis

265 301 525 355 potentiora:
570 299 639 341 hic
674 302 813 355 pater,
855 300 940 342 nisi
978 300 1228 355 prior<um>
1260 314 1430 344 securus
1460 303 1525 343 est

266 359 312 399 in
352 359 433 400 hoc
472 357 648 412 iudicio,
691 358 894 399 mentitur
933 373 1011 412 pro
1052 358 1158 400 filio:
1206 373 1293 401 non
1330 361 1421 401 tam
1459 359 1526 401 illi

220 425 241 457 5
268 430 374 471 opus
408 418 474 458 est
505 430 634 470 opera
665 415 875 471 advocati,
907 431 1035 470 quam
1066 416 1147 458 fide
1176 417 1310 460 testis.

757 587 1049 631 cccxxlx.

444 679 701 735 Sepultura
731 681 947 735 tyranni,
979 681 1063 734 qui
1094 691 1142 724 se
1173 679 1360 724 occidit.

267 774 352 824 QUI
392 785 644 815 TYRANNUM
687 784 950 828 OCCIDERIT,
993 786 1042 815 IN
1081 784 1202 816 FORO
1235 784 1528 816 SEPELIATUR.

381 831 433 873 In
469 832 715 885 pestilentia
754 846 1006 886 responsum
1037 834 1120 887 est,
1162 834 1392 886 tyrannum
1423 832 1530 874 occi-

197 900 240 932 10
382 889 576 932 dendum.
624 890 716 943 ipse
748 904 791 931 se
823 890 986 932 occidit.
1030 891 1182 944 petunt
1212 889 1455 945 propinqui,
1483 891 1531 932 ut

380 948 426 989 in
455 947 550 989 foro
586 947 827 1001 sepeliatur.

686 1106 1129 1150 DEOLAMATIO.

351 1199 511 1257 Ingens
542 1201 774 1243 calumnia!
812 1200 943 1255 pudet
973 1213 1039 1241 me
1069 1198 1240 1241 hercule
1271 1199 1426 1252 me[ae]
1459 1213 1528 1242 ac-

265 1259 409 1302 tionis.
450 1273 562 1301 nunc
593 1272 672 1313 ego
703 1258 900 1313 negabo?
933 1256 1062 1313 quid?
1094 1257 1131 1299 si
1162 1256 1385 1299 ostendero
1419 1271 1530 1312 eum,

198 1326 242 1361 15
268 1318 341 1373 qui
377 1317 540 1360 civitati
576 1317 821 1359 libertatem
852 1315 1094 1369 abstulerit,
1136 1315 1208 1370 qui
1237 1315 1354 1370 leges
1386 1317 1526 1358 sustu-

268 1375 387 1431 lerit,
430 1375 503 1430 qui
548 1375 710 1429 templa
755 1373 996 1428 violaverit,
1040 1373 1111 1428 qui
1155 1372 1320 1415 iniuriis
1366 1373 1527 1415 nostris

268 1434 378 1475 iram
417 1433 594 1475 deorum
635 1432 929 1474 inmortalium
973 1430 1263 1486 commoverit,
1299 1431 1527 1485 tyrannici-

270 1491 369 1533 dam
397 1506 485 1533 non
515 1491 677 1533 fuisse?
708 1491 889 1532 multum
921 1488 1082 1544 alioqui
1114 1488 1306 1531 effecisse
1337 1489 1531 1531 oratione

270 1563 366 1591 mea
411 1549 600 1591 videbor.
686 1547 1003 1604 interpretanda
1058 1546 1181 1588 nobis
1243 1546 1351 1602 legis
1404 1547 1538 1600 ipsius

200 1616 247 1651 20
271 1607 470 1649 voluntas
507 1609 589 1660 est3
633 1606 734 1660 quid
772 1605 1026 1660 spectaverit
1063 1605 1155 1658 ille,
1195 1604 1267 1659 qui
1307 1604 1533 1646 constitue-

270 1665 365 1718 bat,
414 1664 641 1719 diligenter
683 1664 749 1718 (ut
789 1678 856 1704 res
899 1661 983 1718 est)
1024 1665 1067 1704 et
1109 1662 1196 1704 alte
1237 1661 1537 1716 exquirendum

271 1724 400 1778 atque
432 1722 672 1764 eruendum.
723 1734 803 1776 ego
836 1720 940 1762 mihi
975 1720 1173 1774 arbitror,
1204 1719 1374 1775 iudices,
1403 1733 1539 1774 pauca

271 1794 349 1835 pro
391 1781 535 1835 legum
578 1780 713 1821 latore
757 1792 849 1821 esse
893 1777 1087 1828 dicenda,
1131 1791 1184 1818 ne
1227 1779 1317 1818 tam
1361 1777 1539 1819 obscure

271 1839 353 1881 hoc
402 1839 647 1892 occulteque
697 1836 916 1892 scripsisse
966 1835 1170 1886 videatur.
1235 1849 1291 1876 an
1338 1848 1426 1878 non
1476 1838 1540 1877 est

371 1990 389 2020 1
416 1985 626 2022 mirabilem
651 1987 703 2019 Aa
732 1986 745 2030 ss
779 1989 799 2020 2
825 1994 954 2020 causas
986 1987 1039 2018 Aa.
1067 1985 1080 2029 ss
1110 1988 1130 2019 9
1155 1982 1322 2029 petentia,
1343 1985 1370 2017 B
1401 1984 1413 2027 ΙΙ
1442 1983 1540 2028 prior

276 2043 402 2068 securo
428 2035 474 2076 Δ,
499 2032 601 2077 prior
625 2032 822 2076 sequuturo
847 2034 874 2064 B
899 2031 1012 2076 (prior
1033 2032 1200 2066 secuturo
1226 2030 1283 2074 P);
1314 2029 1415 2074 prior
1440 2039 1538 2064 secu-

275 2091 338 2114 rus
363 2078 432 2122 Fr,
463 2077 682 2132 prior<um>
707 2089 851 2113 securus
878 2077 958 2120 Ro,-
994 2089 1043 2113 om
1067 2076 1163 2112 *nisi
1187 2074 1388 2124 pr<op)ior
1412 2085 1539 2111 securo

277 2126 334 2160 est
357 2125 398 2160 in
422 2125 492 2161 hoc
518 2125 669 2170 iud1cio‚
693 2124 869 2159 mentitur
895 2125 933 2169 (i.
959 2135 986 2159 e.
1012 2124 1153 2159 videtur
1177 2122 1333 2167 mentm)
1360 2125 1422 2158 etc.
1498 2125 1540 2157 13

276 2181 351 2215 me,
376 2172 543 2215 hercule,
569 2171 644 2207 Aer
660 2172 673 2215 ss
691 2171 829 2217 me[ae]
856 2171 932 2206 edd.
952 2171 964 2216 ΙΙ
986 2173 1028 2205 14
1053 2169 1242 2206 ostendere
1264 2171 1291 2202 B
1309 2168 1323 2213 n
1342 2171 1386 2203 18
1400 2167 1420 2189 *
1470 2167 1541 2204 ‘cui

279 2217 326 2262 (2)
345 2218 357 2262 l}
377 2217 494 2253 oratio
521 2221 574 2252 Aa.
591 2219 603 2263 ΙΙ
622 2221 664 2253 21
692 2219 734 2252 ut
759 2217 833 2252 alte
858 2219 922 2251 AB
940 2217 953 2262 u
971 2220 1015 2252 22
1041 2215 1278 2252 erudiendum
1301 2217 1332 2249 Δ
