1604 2488
170 743 213 775 10

169 1032 211 1063 15

169 1322 213 1353 20

167 1611 211 1643 25

239 106 326 148 284
720 107 1026 152 QUINTILIANI

238 227 375 268 neque
420 215 485 255 est
532 214 818 268 quaerendum
857 216 967 270 apud
1003 231 1098 272 vos,
1143 232 1197 260 an
1233 219 1317 261 alio
1354 219 1499 262 iudicii

239 285 393 326 genere
419 271 612 313 damnari
636 273 808 326 possim.
850 274 1024 316 interim
1048 275 1128 317 hoc
1152 275 1218 318 ius
1244 277 1296 319 ad
1321 291 1388 320 me
1411 291 1498 320 non

237 329 434 383 pertinet.
473 331 547 371 aut
579 330 616 371 si
645 331 707 372 rei
738 331 932 385 publicae
964 332 1159 387 <laesae>
1189 334 1258 376 lex
1289 337 1365 390 est,
1394 334 1500 378 haec

237 385 349 428 nihil
381 387 435 428 ad
463 386 685 430 hominum
710 391 880 442 mortes,
910 390 1019 431 nihil
1050 391 1104 432 ad
1135 405 1195 446 ea,
1226 406 1334 447 quae
1358 393 1498 448 priva-

238 444 318 485 tim
351 458 516 499 quoque
548 446 754 488 vindicari
785 450 976 501 possunt.
1030 448 1190 491 obicias
1222 452 1392 505 oportet
1422 451 1498 493 ali-

239 502 358 557 quid,
394 516 476 557 quo
514 504 729 558 publicum
759 505 887 546 fuerit
917 519 994 560 per
1023 520 1091 548 me
1121 507 1301 550 laesum:
1342 509 1388 550 in
1417 509 1499 551 hoc

238 559 348 603 nihil
385 561 516 603 obicis
547 562 670 617 mihi,
706 565 877 616 praeter
907 566 1065 605 mortes
1095 564 1326 608 hominum.
1386 565 1500 622 quod

239 618 399 660 crimen
432 633 486 660 an
513 634 660 661 verum
684 620 752 673 sit,
782 623 932 674 postea
955 622 1203 664 viderimus:
1235 624 1407 666 interim
1432 623 1500 680 (ut

238 675 362 731 dixi),
392 677 479 732 legi
510 679 553 719 et
583 678 664 720 iuri
696 678 966 721 coniunctum
996 694 1082 722 non
1114 683 1191 722 est.

325 733 448 776 Mora
478 737 623 777 tamen
655 751 750 777 mea
781 737 942 792 aliquid
973 738 1217 780 detrimenti
1249 739 1399 784 civitas
1431 754 1499 782 ac-

239 791 381 846 cepit?
450 791 496 834 Si
543 793 625 835 hoc
674 794 939 837 defenderem
990 796 1320 850 infirmitate[m]
1370 798 1501 839 animi

237 850 338 903 mei,
377 851 482 892 satis
514 851 770 894 defensionis
803 855 932 907 esset,
969 868 1057 895 non
1088 854 1185 897 odio
1212 869 1285 896 me
1315 856 1499 897 civitatis

237 907 401 950 fecisse.
467 909 603 950 filium
651 924 794 951 meum
842 911 1148 953 immolandum
1197 926 1289 954 esse
1338 913 1502 955 dixerat

238 965 352 1007 deus.
406 968 553 1020 putate
585 967 628 1008 id
660 968 855 1022 e<gi>sse
881 983 965 1022 me,
996 983 1049 1011 ne
1080 970 1385 1013 immolaretur.
1425 971 1500 1012 ho-

239 1024 344 1066 stias
376 1024 494 1065 caedi
524 1025 824 1068 mirabamini?
872 1027 999 1081 quid?
1035 1041 1111 1069 vos
1141 1042 1229 1069 non
1259 1028 1502 1070 maluistis?

239 1095 413 1124 exorare
461 1096 588 1136 posse
638 1083 917 1125 sollemnibus
967 1085 1099 1126 sacris
1150 1085 1501 1128 existimabamus

238 1139 357 1182 deos:
390 1140 520 1194 quid?
563 1155 638 1183 vos
669 1141 774 1183 haec
804 1142 989 1184 remedia
1017 1156 1104 1184 non
1128 1143 1402 1197 temptastis?
1437 1157 1500 1187 se-

239 1210 333 1239 cum
383 1198 562 1251 quisque
616 1199 794 1254 cogitet,
852 1202 1059 1253 quantum
1112 1200 1219 1242 mihi
1266 1201 1503 1256 inpositum

239 1269 359 1310 onus,
390 1256 530 1310 qualis
563 1260 711 1298 exacta
740 1271 835 1299 vox.
900 1256 982 1299 Sed
1011 1272 1066 1299 ne
1097 1258 1299 1301 mentitus
1331 1259 1502 1314 quidem

240 1327 346 1354 sum.
408 1327 526 1355 sacra
563 1314 678 1368 exigi
721 1329 746 1356 a
789 1314 868 1356 diis
911 1315 1223 1358 immortalibus
1266 1316 1371 1359 dixi:
1414 1331 1502 1360 non

241 1385 362 1412 sacra
394 1372 702 1427 exigebantur?
733 1387 820 1415 non
845 1373 977 1416 sacris
1002 1374 1163 1429 placati
1182 1374 1310 1417 sunt?
1342 1375 1502 1430 alioqui

239 1429 346 1470 nihil
384 1443 451 1471 me
489 1429 641 1472 fecisse
686 1431 982 1485 subripiendae
1022 1432 1190 1474 hostiae
1234 1433 1391 1487 gratia,
1433 1433 1502 1474 cui

238 1501 325 1528 non
361 1487 635 1530 manifestum
657 1488 767 1535 ‚est‘t‘
815 1489 999 1532 indicavi
1028 1490 1115 1532 filio
1147 1491 1324 1532 maximi
1356 1490 1501 1532 animi.

239 1558 340 1599 ergo
370 1559 423 1586 ne
455 1546 536 1587 hac
566 1547 734 1600 quidem
766 1548 890 1589 venia
921 1547 1074 1603 dignus
1104 1551 1169 1590 est
1193 1550 1326 1602 pater,
1357 1548 1394 1590 si
1418 1548 1500 1590 hoc

238 1601 327 1644 filio
359 1603 496 1644 voluit
527 1604 684 1658 deberi,
715 1605 828 1659 quod
852 1605 1143 1648 moriebatur?
1181 1605 1300 1656 Quod
1332 1606 1502 1661 quidem

237 1674 374 1714 neque
412 1661 575 1702 consilii
613 1662 716 1715 mei,
751 1677 888 1716 neque
925 1664 1160 1706 voluntatis
1191 1664 1378 1718 primum
1406 1663 1500 1706 fuit.

239 1718 394 1760 credite
427 1733 539 1773 eum,
582 1719 654 1774 qui
690 1720 859 1774 legatus
900 1720 1056 1762 missus
1088 1722 1161 1774 sit,
1204 1721 1360 1764 credite
1391 1735 1500 1776 eum,

239 1776 312 1832 qui
341 1790 592 1830 responsum
621 1777 843 1832 acceperit,
873 1779 1192 1834 renuntiaverit,
1222 1779 1331 1821 nihil
1356 1779 1499 1821 animo

333 1882 353 1913 3
378 1878 556 1926 (laesae)
582 1878 655 1915 Θῦν
677 1880 690 1924 ΙΙ
714 1882 737 1914 4
761 1881 897 1915 mortes
922 1883 1009 1914 AaB
1034 1881 1047 1925 ΙΙ
1071 1884 1092 1915 5
1117 1882 1266 1925 possent
1289 1883 1372 1926 AB,
1407 1891 1499 1917 corr.

238 1924 296 1960 Ro
314 1926 326 1969 ΙΙ
346 1930 365 1960 6
392 1926 490 1969 quod
513 1928 540 1959 B
559 1927 571 1970 [Ι
591 1930 610 1961 7
636 1928 772 1961 mortes
797 1929 823 1959 B
842 1927 854 1971 ΙΙ
873 1930 893 1961 9
919 1927 1034 1971 legite
1058 1927 1130 1962 iuri
1148 1930 1175 1960 B
1194 1927 1206 1972 ΙΙ
1226 1928 1433 1963 coniuctam
1451 1931 1477 1979 Β
1497 1928 1500 1973 Ι
1543 1973 1548 1977 ³

241 1975 281 2006 11
310 1971 597 2017 infirmitate[m]
625 1972 698 2008 Obr
721 1973 734 2017 ΙΙ
760 1977 803 2008 13
829 1973 942 2008 immo
967 1973 1119 2010 laudum
1144 1973 1278 2010 dixerit
1300 1977 1328 2008 Β
1351 1975 1365 2018 ΙΙ
1392 1977 1435 2009 14
1459 1985 1472 2007 1

238 2027 303 2055 om.
330 2021 356 2052 Β
375 2018 387 2062 ΙΙ
405 2018 444 2053 id
469 2018 643 2066 e<gi>sse
666 2019 741 2054 Aer
759 2020 770 2063 ΙΙ
798 2023 840 2054 15
866 2019 971 2056 caedi
996 2019 1167 2068 (obniti)
1191 2020 1271 2056 mir.
1296 2019 1354 2056 Ro
1370 2020 1383 2064 ΙΙ
1402 2020 1500 2064 quod

238 2066 267 2097 Δ
286 2066 298 2109 ΙΙ
319 2068 361 2100 16
383 2065 705 2100 exaestimabimus
722 2069 786 2109 Aa,
806 2066 1098 2102 existimabimus
1110 2069 1148 2110 Β,
1164 2066 1496 2112 existimabamus]

239 2110 309 2145 Βοὴ
327 2112 339 2155 ΙΙ
361 2114 402 2147 17
428 2111 624 2156 tepestatis
648 2114 675 2146 Β
693 2114 706 2157 ΙΙ
727 2116 768 2148 19
794 2113 947 2149 meritus
965 2116 991 2147 Β
1011 2114 1023 2157 ΙΙ
1041 2117 1087 2148 20
1112 2113 1216 2158 exegi
1235 2115 1322 2147 AaB
1341 2114 1354 2158 ΙΙ
1372 2116 1416 2147 21
1443 2122 1499 2147 sa-

238 2167 317 2194 cros
341 2160 371 2192 A
389 2159 402 2202 Η
420 2162 464 2193 23
490 2158 643 2195 maximi
667 2162 691 2192 fi
717 2169 803 2204 ergo
828 2162 872 2202 Β,
905 2171 953 2195 m.
978 2169 1051 2194 non
1076 2170 1105 2194 e.
1131 2162 1157 2193 1²
1175 2161 1187 2204 ΙΙ
1205 2162 1250 2194 25
1274 2158 1500 2196 moriebatur

237 2205 293 2284 A,¹³
316 2205 534 2283 anovebatur
558 2207 602 2249 Β,
627 2206 846 2241 monebatur
870 2206 945 2241 Aer
973 2207 984 2251 u
1014 2209 1059 2242 26
1085 2205 1276 2241 consilium
1301 2205 1336 2240 ei
1360 2207 1386 2240 Β
1414 2205 1426 2249 ΙΙ
1454 2208 1496 2240 27

238 2260 275 2284 es
