1578 2470
184 721 226 752 10

187 1009 226 1041 15

184 1299 227 1330 ‘20

185 1878 230 1909 30

249 81 336 122 434
729 80 1032 123 QUINTILIANI

251 187 384 240 domi,
413 187 680 241 propinquis,
712 186 976 240 domesticis,
1012 186 1194 240 libertis,
1231 187 1351 229 aviae
1383 187 1507 243 (faci-

250 259 331 286 nus
369 243 629 300 indignum!)
668 245 795 286 matri
831 246 1002 286 tantum
1031 244 1213 299 probare
1242 259 1329 288 non
1357 259 1506 300 possu-

251 317 363 344 mus:
395 316 529 356 usque
561 317 610 344 eo
643 316 686 344 se
718 302 900 344 libenter
931 301 1064 344 credit
1090 302 1296 358 orbatam,
1326 306 1375 345 ut
1405 318 1505 346 suos

251 374 337 402 non
366 360 452 401 nisi
482 362 673 402 mortuos
706 362 923 414 agnoscat.
965 359 1077 414 quod
1103 361 1139 402 si
1165 362 1288 402 antea
1311 361 1508 415 ignotum

252 418 346 471 fuit,
378 420 583 472 quantum
613 418 816 472 pecuniae
848 418 1056 472 cupiditas
1087 418 1235 472 possit,
1263 418 1415 461 victrix
1447 421 1507 460 et-

252 475 338 517 iam
377 476 426 517 de
462 478 616 518 natura
653 475 902 530 triumphat,
962 475 1132 530 mulier,
1168 475 1292 518 modo
1330 477 1508 519 cadaver

251 536 472 588 tamquam
514 534 651 575 filium
691 534 930 588 complexa,
971 547 1085 575 nunc
1121 533 1257 575 filium
1286 536 1507 590 tamquam

252 592 429 633 cadaver
458 591 590 646 fugit!
651 606 758 646 quae
794 591 921 633 funus
954 606 1076 633 suum
1106 593 1276 633 tantum
1307 592 1390 634 sibi
1421 606 1506 634 cre-

251 650 377 702 didit,
420 649 751 704 gratulationem
794 649 955 691 nemini
999 649 1229 702 cred[id]it!
1296 649 1508 693 infelicem

251 722 430 762 puerum
468 708 560 749 sola
589 722 675 749 non
706 707 901 762 agnoscit
931 721 981 748 ex
1011 708 1276 762 propinquis.
1337 722 1508 750 causam

251 765 484 820 quaeritis?
515 781 595 806 —:
627 766 726 820 quia
755 765 871 806 vivit.

340 822 594 876 [Narratio]
655 822 897 864 Habuimus
942 823 1253 866 adulescentem
1301 823 1507 878 optimum

252 882 553 936 propinquum,
601 881 874 922 mitissimum
922 883 1169 936 patronum,
1217 881 1509 923 fidelissimum

252 940 452 980 amicum:
495 939 697 980 maritum
735 953 834 980 vero
870 939 1051 980 nimium
1088 953 1254 994 quoque
1292 939 1508 994 uxorium3

253 997 365 1051 quod
401 997 658 1051 ignovimus:
700 996 835 1038 filium
868 997 1111 1038 sustulerat.
1170 1011 1276 1050 puer
1305 997 1506 1039 continuo

253 1054 305 1096 ad
336 1054 477 1096 aviam
507 1055 740 1095 translatus
773 1057 849 1095 est.
892 1054 1051 1096 scilicet
1083 1054 1132 1096 ab
1155 1054 1230 1096 illa
1260 1055 1412 1096 matris
1443 1055 1507 1095 in-

253 1112 475 1167 dulgentia
512 1114 718 1166 occupata
756 1114 820 1153 est
851 1114 892 1153 et
922 1112 1028 1154 haec
1059 1112 1252 1153 ablatum
1282 1125 1367 1153 non
1398 1112 1507 1153 indi-

254 1173 386 1226 gnata
423 1173 500 1212 est.
559 1172 651 1212 toto
693 1169 759 1210 illi
791 1184 964 1223 corpore
994 1169 1199 1223 innotuit3
1246 1168 1334 1211 non
1363 1171 1509 1211 tamen

252 1228 497 1270 ulteriorem
529 1227 650 1270 aviae
680 1228 878 1269 notitiam
908 1227 1130 1281 profiteor:
1160 1229 1359 1282 nepotem
1385 1241 1508 1268 suum

254 1286 413 1340 optime
431 1286 540 1328 facie
558 1285 690 1328 novit.
721 1285 905 1327 moriens
925 1286 1058 1339 igitur
1076 1285 1339 1339 propinquus
1363 1287 1511 1326 noster

252 1346 558 1386 testamentum
590 1343 762 1398 scripsit
791 1344 917 1385 breve
949 1345 991 1384 et
1017 1344 1207 1397 simplex.
1247 1357 1348 1385 nam
1372 1357 1508 1397 neque

254 1402 326 1444 diu
352 1401 401 1443 de
426 1402 565 1456 primo
590 1401 743 1443 herede
770 1401 1043 1456 cogitandum
1067 1400 1150 1442 fuit
1167 1401 1344 1442 habenti
1362 1400 1510 1454 filium,

252 1474 389 1514 neque
423 1460 474 1502 de
505 1460 687 1502 secundo
718 1460 894 1501 habenti
923 1473 1109 1501 uxorem.
1157 1473 1236 1500 nec
1268 1473 1369 1501 sane
1399 1458 1509 1500 invi-

254 1518 390 1560 dimus
434 1519 507 1560 isti
546 1518 801 1560 honorantia
831 1517 910 1559 viri
940 1517 1115 1570 iudicia,
1161 1517 1312 1571 quibus
1342 1516 1510 1558 utinam

253 1577 436 1632 gratiam
466 1576 656 1619 referret.
714 1590 850 1631 neque
882 1576 976 1617 avia
1007 1578 1175 1629 captare
1205 1576 1510 1616 testamentum

254 1635 343 1676 eius
374 1635 438 1676 fas
470 1635 656 1688 putavit,
695 1634 764 1676 cui
795 1633 1083 1675 destinaverat
1115 1646 1247 1674 suum.
1307 1632 1412 1674 haec
1443 1635 1509 1673 est

252 1695 402 1734 nostra
425 1692 633 1733 narratio:
666 1692 751 1733 ista
775 1693 922 1732 narret
947 1705 1045 1732 suos
1073 1691 1245 1744 piratas.
1287 1704 1374 1731 non
1398 1690 1508 1730 inse-

253 1765 359 1804 quar
396 1764 489 1791 eam
526 1749 727 1803 malignis
765 1748 1096 1803 suspicionibus,
1137 1748 1221 1789 nisi
1259 1747 1370 1801 quod
1408 1761 1509 1788 suos

252 1808 456 1850 libentius
501 1810 691 1849 mortuos
736 1806 942 1862 agnoscit.
1000 1805 1169 1847 habetis
1218 1805 1509 1847 narrationem

254 1866 387 1920 pueri,
417 1866 585 1907 habetis
618 1868 660 1907 et
691 1865 858 1906 matris:
891 1863 1034 1905 audite
1059 1863 1216 1905 liberti.
1253 1862 1509 1917 interposito

254 1927 447 1978 tempore
485 1924 662 1966 libertus
703 1925 831 1965 notae
871 1922 1101 1976 probitatis
1144 1919 1346 1976 (deorum.
1381 1920 1506 1962 credo

350 2042 370 2073 3
396 2037 553 2073 credidit
575 2041 602 2072 Β
621 2039 632 2082 ΙΙ
653 2041 671 2072 7
700 2042 741 2072 Ν
770 2040 800 2071 Δ
818 2039 829 2082 ΙΙ
854 2047 921 2071 nec
946 2039 972 2070 B
998 2037 1049 2080 {18
1075 2035 1160 2081 sibi]
1186 2034 1269 2070 finis
1292 2034 1389 2078 3119
1415 2034 1510 2078 grat.

254 2096 349 2121 nem.
377 2084 534 2120 credidit
557 2095 622 2120 om.
647 2087 693 2128 B,
725 2094 814 2119 corr.
841 2084 924 2119 Lat.
945 2085 956 2128 ΙΙ
977 2086 1020 2117 10
1045 2083 1082 2117 et
1105 2084 1131 2115 Β
1150 2082 1163 2126 ΙΙ
1183 2084 1225 2116 12
1251 2081 1271 2102 *
1285 2079 1506 2126 [Narratio];

255 2133 297 2176 σῇ
323 2134 409 2174 312,
429 2134 451 2166 4
481 2133 492 2176 ΙΙ
519 2135 560 2165 13
586 2130 750 2165 fidelissfi
771 2133 801 2163 A
825 2130 836 2174 ΙΙ
870 2134 911 2165 16
938 2129 985 2164 ad
1009 2132 1050 2170 A,
1076 2130 1114 2163 et
1137 2131 1175 2172 B,
1201 2138 1290 2164 corr.
1315 2127 1398 2162 edd.
1421 2126 1432 2170 ΙΙ
1463 2129 1508 2160 23

254 2189 322 2214 nec
346 2180 376 2211 A
394 2179 406 2222 ΙΙ
423 2177 582 2222 priorem
608 2178 684 2220 AB,
710 2187 798 2211 corr.
814 2177 887 2212 Aer
904 2178 916 2221 ΙΙ
936 2179 980 2210 24
1004 2175 1185 2210 honorata
1208 2175 1285 2218 ΔΒ,
1311 2183 1400 2209 corr.
1415 2171 1509 2217 Schn

256 2229 300 2260 30
325 2225 441 2260 matre
469 2227 544 2267 AB,
570 2234 659 2259 corr.
685 2222 759 2258 Aer
