1604 2488
278 117 361 158 142
755 119 1053 162 QUINTILIANI

271 224 362 265 iure
376 225 460 266 alio
471 226 741 267 manifestum
753 227 875 280 foret,
888 228 933 268 in
944 227 1024 269 hac
1037 228 1131 283 lege
1139 229 1326 284 (etiam)
1337 233 1528 284 apertius

273 284 348 323 est.
409 283 508 336 quid
540 283 651 325 enim
683 284 812 326 dicit?
871 288 1016 339 rapta
1054 287 1277 340 raptoris
1308 292 1525 331 mortem

270 340 350 380 vel
381 341 587 393 nuptias
619 345 773 395 optet.
818 345 972 384 neutra
1001 357 1069 384 res
1101 347 1177 397 est,
1209 358 1335 398 quam
1365 346 1524 389 differri

272 399 485 450 oporteat:
519 399 607 440 sive
638 400 674 441 is
707 403 772 441 est
802 403 959 454 raptor,
990 401 1063 455 qui
1093 415 1272 455 poenam
1302 407 1525 459 mereatur,

225 465 245 496 5
270 468 356 496 non
386 459 572 498 meretur
604 457 941 510 advocationem3
977 459 1065 500 sive
1089 460 1326 514 ignoscitur
1349 463 1525 516 raptori,

268 526 356 554 non
391 513 545 556 debent
580 514 736 556 habere
774 530 936 558 moram
971 517 1144 570 nuptiae
1181 518 1249 559 vel
1286 519 1525 562 incohatae.

270 568 316 611 Si
345 573 512 613 tantum
543 587 629 614 non
660 574 805 614 statim
837 573 1044 627 educeres,
1084 573 1188 616 haec
1218 574 1386 618 fortiter
1416 577 1524 618 dice—

268 631 431 670 rentur:
461 644 574 671 nunc
606 631 778 672 educere
809 631 874 672 vis
905 634 1005 685 post
1034 633 1218 686 nuptias.
1270 637 1412 676 utrum
1442 635 1523 690 igi-

269 688 340 726 tur
370 687 459 728 iure
490 688 607 741 prius
639 702 693 729 an
725 689 937 743 aequitate
968 690 1202 732 consistes?

199 754 242 784 10
355 743 425 784 Ius
466 745 560 798 ipsa
596 746 704 800 legis
740 747 951 800 positione
982 747 1254 789 manifestum
1286 752 1362 791 est.
1420 764 1520 792 nam

266 814 360 842 cum
397 805 565 856 raptam
603 803 722 844 educi
758 805 802 845 in
837 804 919 846 hoc
957 805 1117 859 iubeat,
1160 810 1208 847 ut
1243 810 1422 848 mortem
1453 809 1521 849 vel

263 859 434 912 nuptias
467 863 602 914 optet:
634 861 860 903 manifesto
893 862 1092 914 ostendit,
1123 877 1216 905 eam
1247 863 1367 906 educi
1398 878 1520 919 opor-

264 919 369 970 tere,
408 918 474 958 cui
504 921 730 973 utrumque
761 919 943 961 liberum
974 920 1041 962 sit.
1094 920 1320 964 Praeterea
1350 922 1437 964 iam
1466 937 1520 964 ne

262 976 410 1028 raptae
446 975 615 1029 quidem
652 991 805 1018 nomen
841 977 997 1018 habere
1040 982 1199 1032 potest,
1243 993 1349 1033 quae
1384 984 1519 1034 nupta

195 1042 237 1073 15
263 1034 339 1073 est.
392 1032 517 1074 sicuti
547 1047 702 1075 nomen
732 1034 992 1088 pupillorum
1023 1036 1216 1090 legitimo
1247 1041 1439 1091 tempore
1469 1038 1516 1078 fi-

260 1089 396 1143 nitur;
423 1090 532 1132 sicut
557 1091 705 1133 orbam
727 1106 850 1134 nemo
876 1095 976 1146 post
999 1093 1171 1146 nuptias
1198 1094 1367 1148 dixerit3
1393 1095 1520 1136 sicuti

262 1147 438 1200 virginis
483 1149 815 1202 appellationem
856 1164 940 1191 nox
982 1150 1060 1191 illa
1105 1151 1314 1193 maritalis
1359 1152 1514 1194 aufert:

259 1205 322 1245 ita
352 1219 406 1246 ne
436 1208 560 1259 rapta
591 1206 759 1260 quidem
790 1207 873 1248 dici
903 1210 1056 1262 potest,
1087 1223 1194 1262 quae
1219 1210 1419 1251 maritum
1442 1209 1517 1252 ha-

261 1262 360 1303 bere
393 1263 544 1317 coepit.
587 1263 687 1305 licet
716 1265 848 1319 igitur
877 1267 1026 1319 raptae
1053 1266 1309 1320 permissum
1328 1267 1391 1308 sit
1415 1282 1518 1322 quo-

190 1330 234 1362 20
261 1333 438 1374 cumque
469 1324 658 1375 tempore
691 1325 854 1377 optare,
890 1326 1048 1377 nuptae
1084 1326 1233 1377 optare
1263 1325 1518 1378 permissum

257 1391 344 1419 non
377 1381 451 1419 est.

346 1435 462 1477 Haec
493 1450 543 1476 ex
575 1437 668 1491 lege
700 1437 927 1479 manifesta
957 1442 1070 1490 sunt,
1101 1438 1177 1480 illa
1207 1453 1256 1480 ex
1288 1440 1515 1494 aequitate.

256 1492 370 1534 Ante
402 1494 545 1535 omnia
574 1508 660 1535 non
690 1497 779 1536 tam
811 1495 959 1536 duram
990 1509 1082 1537 esse
1114 1496 1181 1538 lex
1212 1497 1349 1538 voluit
1372 1497 1517 1551 condi—¹

257 1550 433 1601 cionem,
466 1555 514 1592 ut
546 1565 711 1605 semper
740 1556 889 1606 raptor
918 1554 1149 1607 puniretur.
1191 1554 1286 1596 ideo
1318 1557 1362 1596 et
1389 1555 1514 1597 mise·

186 1617 230 1649 25
256 1607 464 1649 ricordiae
494 1609 634 1650 locum
664 1609 774 1651 fecit.
821 1613 864 1650 et
895 1610 1050 1652 idcirco
1075 1611 1159 1652 iam
1184 1626 1272 1654 non
1296 1612 1348 1653 ad
1373 1612 1511 1667 ipsum

253 1666 569 1719 tantummodo,
617 1668 688 1720 qui
730 1668 890 1721 rapuit,
933 1668 1005 1708 sed
1048 1668 1242 1723 <magis>
1286 1670 1414 1711 etiam
1457 1670 1515 1711 adr

253 1737 360 1776 eum,
391 1723 462 1776 qui
499 1723 635 1778 duxit,
670 1725 872 1778 pertinet,
909 1726 980 1779 qui
1020 1729 1132 1767 certe
1162 1726 1271 1767 nihil
1306 1728 1516 1781 peccavit,

252 1781 324 1834 qui
374 1784 487 1822 certe
536 1795 705 1822 manere
753 1782 903 1836 potuit.
975 1780 1068 1824 Hoc
1116 1783 1209 1826 loco
1254 1784 1359 1825 mihi
1401 1785 1507 1826 illud

254 1839 502 1892 opponitur,
541 1853 627 1880 non
669 1840 858 1892 potuisse
902 1843 999 1882 ante
1043 1840 1159 1883 educi
1203 1855 1310 1883 eum.
1377 1841 1509 1890 Quasi

181 1906 227 1938 30
251 1910 352 1937 vero
376 1896 548 1938 intersit
574 1910 738 1951 causae,
763 1911 846 1951 qua
869 1899 1033 1940 ratione
1059 1899 1124 1940 ius
1143 1899 1361 1941 interierit.
1390 1914 1509 1955 „pro—

347 2026 364 2055 1
391 2021 559 2069 (etiam)
576 2022 634 2057 Ro
651 2025 664 2066 ss
682 2027 703 2056 4
729 2033 786 2067 op.
814 2022 887 2058 suis
913 2023 989 2058 sive
1014 2026 1039 2056 P
1057 2024 1068 2067 ΙΙ
1087 2025 1287 2058 mereretur
1310 2024 1391 2059 adv.
1410 2027 1437 2058 1²
1453 2026 1466 2068 ΙΙ
1487 2028 1511 2060 7

250 2068 321 2102 1108
346 2070 408 2100 ΔΒ
427 2068 440 2111 ΙΙ
458 2068 675 2103 ducerentur
698 2071 725 2101 B
750 2070 762 2113 ΙΙ
792 2073 834 2103 13
861 2069 1021 2104 libeni
1045 2072 1075 2103 A
1092 2070 1104 2114 ΙΙ
1125 2073 1167 2104 14
1192 2071 1276 2114 post
1299 2073 1325 2103 1²
1342 2072 1355 2114 fl
1374 2074 1417 2105 15
1441 2082 1505 2105 nu·

248 2123 334 2148 men
357 2115 384 2146 B
418 2115 431 2158 ss
462 2118 505 2148 19
529 2114 670 2159 raptori
693 2117 719 2148 B
750 2117 762 2159 ΙΙ
791 2118 835 2150 25
859 2114 1011 2150 idicirco
1034 2118 1103 2159 Aa,
1133 2115 1266 2151 iccirco
1289 2118 1334 2158 B;
1357 2117 1514 2159 fortasse

249 2159 378 2194 *adice
403 2160 502 2204 quod
525 2162 537 2206 ΙΙ
561 2164 605 2196 26
630 2159 803 2208 (magis)
827 2161 898 2196 Sch
922 2162 981 2205 (cf.
1001 2164 1083 2205 143,
1101 2163 1165 2206 22)
1184 2163 1258 2207 1127
1283 2161 1410 2197 eduxit
1432 2164 1507 2207 AB,

253 2217 334 2241 eam
374 2206 478 2240 duxit
515 2207 585 2242 Sch
620 2207 631 2251 ΙΙ
667 2210 771 2254 280.
799 2218 827 2243 8.
853 2207 946 2242 nihil
981 2218 1129 2243 manere
1165 2211 1233 2252 Aa,
1275 2219 1309 2252 q.
1337 2220 1366 2244 e.
1391 2219 1510 2244 rema-

246 2263 332 2287 nere
356 2254 382 2285 B
