1578 2470
673 115 829 151 INDEX
853 116 898 151 11.

183 225 349 271 (marito)
369 223 582 260 adulterum
601 224 667 258 aut
680 234 739 258 oc-

158 273 282 310 cidere
312 273 379 308 aut
402 271 559 316 accepta
582 269 743 316 pecunia

158 320 350 357 dimittere
367 319 482 355 liceat
500 318 534 354 d.
551 322 620 354 279
642 317 740 363 [135,

157 372 221 413 233
250 372 331 413 136,
350 367 414 414 27]

181 427 248 461 qui
235 415 302 452 ‘ob
310 396 536 452 adulterium
543 412 741 458 pecuniam

157 462 364 510 acceperit,
395 460 667 508 ignominiosus
693 459 744 495 sit

158 511 193 549 d.
219 514 289 547 275
316 511 414 558 [124,
438 512 493 544 18.
514 508 577 555 25]

181 558 331 594 adulter
361 558 582 593 excaecetur
610 555 644 591 d.
675 558 743 591 357

161 606 262 652 [389,
277 605 325 688 ἓ]

185 652 243 689 bis
325 651 453 688 11118111
484 651 637 686 notatus
665 651 744 696 (da-

157 701 319 747 mnatus)
345 699 616 746 ignominiosus
641 699 690 734 sit
709 698 743 733 d.

158 751 230 784 310
256 747 409 803 [21s,3.
432 747 494 793 17]

181 807 229 832 118
247 795 362 832 liceat
382 805 467 829 cum
479 793 653 829 adultera
665 805 742 828 ma-

157 843 231 879 rito
270 853 382 889 agere
416 841 490 877 nisi
521 841 625 886 prius
658 852 744 876 cum

160 890 341 926 adultero.
364 889 485 936 egerit
510 889 545 925 d.
571 893 641 924 249
669 889 744 936 [19‚

161 942 223 982 13³
250 941 308 983 20,
330 941 384 974 10.
408 937 466 983 18]

136 1031 223 1068 Cae
233 1032 319 1068 des.
346 1032 411 1077 qui
424 1031 549 1068 caedis
563 1042 668 1067 reum
683 1041 743 1066 ac-

163 1079 352 1115 cusaverit
363 1091 484 1124 neque
499 1078 746 1123 damnaverit,

159 1127 241 1173 ipse
271 1127 450 1173 puniatur
481 1126 515 1163 d.
543 1130 612 1162 313
646 1126 745 1172 [227,

159 1178 222 1219 24;
251 1178 332 1219 228,
354 1178 415 1218 18;
442 1178 523 1217 229,
547 1177 579 1208 5.
602 1174 662 1220 14]

182 1222 250 1267 qui
288 1233 395 1257 reum
432 1221 556 1257 caedis
594 1221 745 1256 damna-

159 1268 275 1314 verit,
312 1269 413 1304 bona
446 1269 525 1304 eius
555 1268 747 1313 possideat

161 1317 197 1352 d.
224 1298 295 1352 32'4
321 1317 420 1362 [275,
442 1319 503 1359 14;
531 1319 612 1360 276,
631 1316 696 1362 25]

183 1364 434 1410 imprudentis
454 1363 579 1399 caedis
593 1344 744 1398 damna-

159 1412 221 1448 tus
229 1411 483 1457 quinquennio
493 1410 617 1446 exulet
631 1411 665 1446 d.
675 1415 745 1446 244

165 1459 243 1506 [<1,
271 1458 338 1506 9)]
365 1459 400 1494 d.
426 1462 496 1493 248
524 1458 659 1504 [15,7;
688 1462 745 1502 16,

161 1511 222 1550 1ος
252 1511 394 1551 17,18;
424 1509 479 1550 18,
500 1506 538 1552 9]

185 1554 251 1600 qui
269 1565 384 1590 causa
396 1553 527 1590 mortis
541 1553 666 1598 fuerit,
686 1564 745 1588 ca-

161 1601 242 1648 pite
272 1601 450 1647 puniatur
482 1601 516 1636 d.
543 1605 614 1636 270
647 1601 745 1647 [101,

163 1653 227 1692 22,
254 1653 335 1695 103,
358 1649 416 1695 14]
445 1649 478 1684 d.
500 1653 568 1685 289
591 1649 687 1695 [156,
706 1649 744 1695 6]

137 1707 318 1754 Capitis
362 1708 610 1744 accusatio.
683 1708 747 1752 qui

161 1755 295 1802 capitis
314 1766 418 1791 reum
438 1755 672 1791 accusaverit
684 1767 746 1791 ne-

162 1814 235 1848 que
255 1803 500 1848 damnaverit,
525 1803 603 1848 ipse
625 1802 747 1848 capite

159 1851 338 1896 puniatur
363 1850 398 1886 d.
420 1855 487 1886 331
516 1850 615 1897 [300‚
634 1854 746 1895 8.18;

160 1902 242 1943 302,
262 1898 302 1945 8]
328 1899 374 1942 cf.
402 1901 483 1943 301,
506 1902 549 1933 16

137 1956 563 2002 Circumscriptio.
591 1956 746 1992 circum—

162 2004 375 2098 {criptionis
407 2005 457 2039 sit
487 2004 587 2040 actio
614 2004 648 2039 d.
676 2008 744 2039 343

137 2109 273 2147 Civis.
303 2110 369 2156 qui
387 2111 507 2147 civem
527 2112 746 2159 servaverit,

162 2158 368 2194 honoretur
394 2159 428 2194 d.
455 2162 526 2194 284
552 2160 651 2206 [150,
670 2161 710 2208 4]

139 2216 446 2255 Conscientia.
499 2220 747 2256 conscientiae

162 2265 213 2301 sit
237 2265 337 2302 actio
364 2265 398 2301 d.
426 2270 494 2302 307
523 2267 622 2313 [206,
645 2268 705 2315 17]

183 2324 215 2350 v.
242 2313 418 2359 proditio,
446 2315 668 2350 veneficium

1340 113 1427 156 509

813 222 985 258 Damnu
994 233 1042 256 m.
1057 220 1185 256 damni
1197 220 1336 255 iniuria
1348 220 1427 256 dati

839 269 890 304 sit
914 269 1013 305 actio
1040 269 1073 304 d.
1101 271 1170 304 385
1199 268 1298 315 [430,
1318 268 1357 314 3]

814 317 1009 353 Debitor
1032 328 1064 352 v.
1092 327 1250 361 sponsor

814 364 847 399 D
857 363 1064 400 ementia.
1085 363 1262 399 adversus
1275 364 1424 409 patrem

839 423 886 447 ne
905 423 988 458 qua
993 411 1043 447 sit
1056 411 1167 455 actio,
1187 411 1261 446 nisi
1279 412 1428 446 demen-

839 460 916 495 tiae
937 460 970 494 d.
987 463 1056 495 346
1070 459 1167 506 [365,
1186 463 1247 501 17;
1269 462 1349 503 366,
1367 458 1427 504 10]

818 506 1103 553 Depositum.
1174 506 1336 552 depositi
1379 505 1430 540 sit

842 555 940 592 actio
967 555 1002 590 d.
1029 558 1096 590 269
1125 555 1201 601 [97,
1225 554 1283 601 17]

866 602 932 647 qui
969 602 1180 648 depositum
1211 601 1429 648 perdiderit,

842 650 940 686 iuret
971 652 1009 685 et
1035 650 1107 685 sibi
1131 650 1272 686 habeat
1298 650 1331 685 d.
1359 653 1427 684 361

844 698 941 745 [393
964 698 1025 744 12]

866 746 931 790 qui
981 746 1195 791 depositum
1243 745 1428 780 infitiatus

839 793 969 837 fuerit,
1014 792 1267 838 quadruplum
1305 793 1429 828 solvat

840 841 874 877 d.
902 845 972 876 245
1000 841 1050 887 [3,
1073 845 1132 884 163
1160 845 1194 884 4,
1215 841 1253 887 9]

816 889 848 924 D
858 900 877 924 e
886 901 902 924 8
911 900 931 924 8
938 901 956 923 1
963 889 1007 924 10
1016 900 1043 923 r.
1062 889 1230 924 desertor
1236 888 1430 924 occidatur

840 941 922 980 429,
944 940 976 971 5.

863 995 895 1020 v.
922 984 1042 1019 fortis.

815 1031 915 1068 Dos.
965 1031 1088 1077 prima
1116 1031 1213 1066 ratio
1239 1031 1338 1066 dotis
1364 1030 1429 1067 ha-

842 1078 979 1114 beatur
1004 1079 1038 1114 d.
1067 1082 1137 1114 360
1163 1078 1263 1125 [392,
1284 1079 1322 1126 3]

866 1138 898 1162 v.
925 1126 1104 1162 tractatio
1130 1126 1241 1162 mala.

818 1220 1030 1256 Exilium.
1057 1220 1203 1256 exulem
1223 1221 1322 1257 intra
1338 1221 1430 1256 fines

843 1268 1148 1314 (deprehensum)
1185 1269 1300 1303 liceat
1332 1268 1429 1304 occi-

844 1317 930 1351 dere
962 1317 998 1351 d.
1026 1320 1094 1352 248
1129 1316 1203 1362 [15
1224 1317 1263 1363 8]
1297 1317 1331 1352 d
1359 1321 1429 1352 296

843 1363 941 1410 [169,
960 1363 998 1410 8]
1021 1364 1055 1400 d
1077 1368 1147 1399 305
1171 1364 1325 1410 [194,9;
1350 1367 1429 1409 197,

843 1415 875 1447 3.
899 1412 1014 1458 7.19]
1043 1411 1078 1446 d.
1099 1415 1168 1447 351
1194 1412 1292 1458 [380,
1312 1411 1351 1458 3]

867 1459 963 1503 exul,
989 1459 1053 1504 qui
1079 1460 1261 1494 secretum
1282 1460 1330 1495 ad
1350 1471 1430 1495 rem

842 1506 1035 1552 publicam
1051 1507 1242 1561 pertinens
1261 1506 1430 1543 indicare

843 1554 1023 1598 voluerit,
1061 1555 1201 1590 habeat
1232 1555 1270 1589 in
1297 1555 1428 1591 civita-

843 1604 922 1637 tem
946 1602 1124 1638 redeundi
1143 1603 1372 1648 potestatem
1391 1603 1431 1638 81

843 1649 875 1684 81
893 1649 1128 1693 indicaverit,
1149 1651 1301 1686 maneat
1318 1650 1358 1685 in
1377 1650 1430 1686 ci-

843 1697 964 1733 vitate
985 1697 1018 1732 d.
1040 1702 1110 1733 254
1131 1698 1205 1744 [38,
1226 1702 1265 1742 23
1287 1701 1343 1742 41,
1364 1698 1429 1745 26]

867 1756 899 1782 v.
927 1745 1071 1789 caedes,
1098 1745 1274 1791 proditio.

821 1839 850 1874 F
859 1839 985 1876 ortis.
1012 1839 1068 1875 vir
1081 1840 1190 1876 fortis
1201 1842 1316 1886 optet,
1329 1841 1430 1886 quod.

843 1887 946 1923 volet
972 1887 1004 1922 d.
1027 1892 1096 1923 258
1118 1889 1191 1934 [52,
1216 1888 1276 1934 15]
1300 1889 1335 1925 d.
1357 1892 1426 1924 371

847 1935 945 1981 [407,
968 1938 1030 1977 18;
1057 1939 1138 1980 408,
1160 1936 1197 1982 7]
1239 1935 1320 1971 viro
1339 1936 1430 1971 forti

842 1982 1051 2027 praemium
1073 1983 1107 2019 d.
1122 1987 1192 2019 293
1213 1983 1311 2030 [164,
1334 1984 1371 2030 7]
1393 1983 1427 2018 d.

843 2033 914 2065 304
941 2030 1039 2076 [192‚
1067 2031 1128 2077 22]

869 2077 938 2112 viri
958 2078 1064 2113 fortis
1083 2080 1191 2124 pater
1211 2079 1341 2114 decem
1360 2079 1429 2114 mi-

843 2124 896 2160 h‘a
922 2125 1085 2171 accipiat
1109 2127 1143 2161 d.
1170 2130 1240 2163 278
1268 2126 1367 2173 [132,
1388 2127 1427 2174 9]

844 2173 1021 2266 εέἐρξῗὲἓ,
1036 2175 1102 2257 ’ἴῗέ
1103 2176 1114 2219 )
1132 2174 1429 2258 133335033252

845 2269 1076 2304 contendant
1104 2234 1144 2305 dp
1165 2274 1236 2306 238
1265 2271 1338 2317 [δ’-2,
1366 2270 1426 2317 14]

846 2316 880 2351 d.
908 2320 975 2352 271
1005 2317 1104 2364 [111,
1125 2318 1162 2364 9}
