1578 2470
201 101 288 143 422
683 102 983 145 QUINTILIANI

717 220 946 263 SERMO.

290 300 385 342 Hoc
418 304 483 344 est
514 301 813 343 difficillimum
844 303 889 343 in
913 303 992 344 hac
1017 303 1315 358 controversia,
1346 302 1458 358 quod

201 358 246 399 in
289 359 435 400 eadem
466 359 712 402 condicione
755 363 797 401 et
838 360 1057 414 parricidii
1105 363 1148 402 et
1195 361 1344 402 mortis
1393 363 1459 402 est

203 416 382 458 militiae
413 419 574 459 metus:
606 432 730 472 quem
762 418 797 459 si
827 418 1077 472 infitiamur,
1106 432 1192 460 non
1222 417 1458 472 habuimus7

155 485 175 516 5
202 488 276 516 cur
306 474 388 528 ipsi
418 475 623 518 vellemus
655 476 782 531 mori3
822 475 857 517 si
887 476 1082 530 fatemur,
1113 475 1354 530 habuimus,
1385 490 1458 518 cur

200 533 368 586 patrem
399 533 605 575 vellemus
640 534 839 576 occidere.
899 533 1038 575 medio
1080 534 1212 588 igitur
1251 537 1458 588 tempera-

201 592 346 632 mento
378 605 483 645 opus
517 594 593 633 est.

636 738 1016 782 GCGLXXVIII.

497 818 676 863 Auctor
706 822 832 875 pacis
863 820 1161 864 abdicandus.

131 925 175 958 10
201 913 329 956 Victa
359 914 522 955 duobus
554 915 729 968 proeliis
761 915 945 969 civitate,
976 916 1106 957 tertia
1135 915 1344 956 instructa
1370 915 1458 957 acie

316 971 535 1026 pollicitus
572 987 719 1026 pacem
757 973 1023 1027 adulescens,
1067 973 1103 1014 si
1142 972 1458 1027 permitteretur

317 1030 399 1071 sibi
430 1044 526 1071 cum
558 1030 661 1072 duce
692 1030 881 1075 hostium
919 1031 1054 1084 loqui,
1085 1031 1190 1084 spost
1226 1030 1457 1072 discessum

317 1102 463 1129 eorum
495 1089 594 1142 quia
624 1103 710 1130 non
740 1089 898 1130 indicat
928 1088 1058 1143 patri,
1091 1088 1322 1130 abdicatur.

613 1203 1050 1246 DEOLAMATIO.

133 1295 175 1327 15
288 1284 389 1327 Non
420 1298 512 1326 esse
542 1284 814 1339 privilegium
846 1285 1093 1340 parentibus
1126 1284 1271 1326 datum
1301 1286 1458 1337 †men—

201 1343 332 1394 tior.†
393 1343 538 1384 datam
576 1356 669 1383 esse
712 1342 834 1384 video
877 1343 1022 1384 liberis
1065 1342 1349 1396 respondendi
1383 1357 1457 1396 po-

200 1403 420 1454 testatem,
474 1403 516 1441 et
564 1400 614 1442 de
659 1400 923 1442 abdicatione
966 1400 1146 1442 iudicem
1189 1413 1457 1454 cognoscere.

201 1459 293 1501 dico
325 1459 458 1514 igitur
490 1461 606 1500 certa
638 1473 741 1512 esse,
772 1473 878 1513 quae
909 1459 1121 1512 imperent
1150 1461 1312 1512 patres:
1343 1459 1458 1500 navi-

202 1518 434 1573 gationem,
458 1516 677 1570 militiam3
708 1517 915 1570 quaedam
941 1517 1096 1570 excipi:
1130 1515 1351 1569 senatoris,
1370 1530 1458 1558 ma-

132 1586 177 1618 20
203 1575 431 1629 gistratus‚
462 1574 612 1616 iudicis
645 1575 919 1616 sententiam:
957 1577 999 1616 et
1029 1574 1186 1616 liberos
1219 1588 1327 1626 esse,
1359 1574 1459 1629 quia

203 1633 327 1675 cives.
386 1633 497 1674 hanc
534 1646 634 1674 vero
672 1647 828 1674 novam
866 1633 1020 1687 legem,
1052 1632 1268 1673 silentium
1299 1632 1459 1674 crimen

203 1705 307 1732 esse.
368 1705 464 1732 cum
505 1690 724 1731 abdicetur
765 1691 1038 1744 procacitatis
1081 1690 1335 1743 petulantia,
1379 1689 1457 1730 sub

201 1749 283 1791 hoc
313 1751 435 1803 patre
465 1750 606 1790 tacere
637 1762 724 1789 non
754 1748 864 1790 licet.
905 1748 1017 1802 finge
1041 1750 1084 1788 te
1110 1761 1323 1801 quaerere,
1354 1746 1456 1800 quid

203 1807 338 1849 amico
370 1805 624 1848 deliberanti
655 1806 879 1847 suaserim:
911 1805 1208 1859 extorquebis?
1240 1818 1369 1859 quare
1393 1804 1457 1845 iu-

133 1876 176 1908 25
203 1864 282 1907 dcx
311 1879 431 1906 reum
462 1863 780 1906 damnaverim?
813 1878 939 1918 quam
970 1863 1180 1905 rationem
1211 1865 1384 1904 senator
1413 1862 1458 1903 in

204 1923 416 1965 sententia
453 1924 621 1964 secutus
654 1921 763 1963 sim?
824 1922 910 1963 isto
941 1921 1066 1963 modo
1096 1921 1324 1963 levissimis
1355 1934 1457 1974 quo-

203 1995 284 2035 que
315 1981 453 2023 causis
479 1980 751 2035 expellemur‚
782 1982 824 2020 et
848 1982 1076 2034 utcumque
1102 1978 1294 2020 delicatis
1319 1978 1458 2020 visum

297 2110 318 2141 4
352 2106 565 2141 infatiamur
597 2108 650 2140 Aa
685 2106 697 2151 ΙΙ
734 2109 754 2140 5
788 2105 866 2149 ipse
900 2107 929 2138 A
965 2105 976 2149 ΙΙ
1014 2108 1034 2139 6
1067 2105 1208 2148 patrem
1242 2114 1307 2139 om.
1338 2106 1364 2136 1²
1393 2103 1405 2146 ss
1436 2106 1457 2137 8

205 2152 459 2188 CCCLXXVII
484 2155 585 2186 B-I’
603 2153 614 2197 ΙΙ
635 2156 676 2186 11
703 2152 934 2196 permitteret
957 2153 983 2184 B
1002 2150 1013 2194 ΙΙ
1041 2155 1082 2184 12
1109 2150 1288 2185 discessus
1313 2151 1365 2184 Aa
1382 2150 1394 2194 ss
1415 2152 1457 2183 16

202 2199 494 2292 iznffsseigr’squrnn
526 2199 653 2234 datum
677 2201 703 2231 B
735 2199 746 2243 ΙΙ
778 2201 820 2232 18
846 2197 1028 2242 imperant
1051 2200 1077 2230 P
1095 2198 1106 2242 n
1131 2200 1176 2231 24
1201 2197 1238 2231 et
1261 2196 1457 2240 torquebas
