<?xml version="1.0" encoding="UTF-8"?>
<!DOCTYPE html PUBLIC "-//W3C//DTD XHTML 1.0 Transitional//EN"
    "http://www.w3.org/TR/xhtml1/DTD/xhtml1-transitional.dtd">
<html xmlns="http://www.w3.org/1999/xhtml" xml:lang="en" lang="en">
 <head>
  <title>
</title>
<meta http-equiv="Content-Type" content="text/html;charset=utf-8" />
  <meta name='ocr-system' content='tesseract 3.04.00' />
  <meta name='ocr-capabilities' content='ocr_page ocr_carea ocr_par ocr_line ocrx_word'/>
</head>
<body>
  <div class='ocr_page' id='page_1' title='image "./declamationesqua00quinuoft_0389.png"; bbox 0 0 1578 2470; ppageno 0'>
   <div class='ocr_carea' id='block_1_1' title="bbox 450 121 1435 165">
    <p class='ocr_par' dir='ltr' id='par_1_1' title="bbox 450 121 1435 165">
     <span class='ocr_line' id='line_1_1' title="bbox 450 121 1435 165; baseline 0.001 -5"><span class='ocrx_word' id='word_1_1' title='bbox 450 122 876 160; x_wconf 83' lang='lat' dir='ltr'><strong>DEOLAMATIONES.</strong></span> <span class='ocrx_word' id='word_1_2' title='bbox 909 121 1129 160; x_wconf 86' lang='lat' dir='ltr'>CCCXLIII.</span> <span class='ocrx_word' id='word_1_3' title='bbox 1347 123 1435 165; x_wconf 83' lang='lat'>353</span> 
     </span>
    </p>
   </div>
   <div class='ocr_carea' id='block_1_2' title="bbox 539 231 1046 289">
    <p class='ocr_par' dir='ltr' id='par_1_2' title="bbox 539 231 1046 289">
     <span class='ocr_line' id='line_1_2' title="bbox 539 231 1046 289; baseline -0.002 -14"><span class='ocrx_word' id='word_1_4' title='bbox 539 231 1046 289; x_wconf 70' lang='lat' dir='ltr'>&lt;DECLAMAT10&gt;</span> 
     </span>
    </p>
   </div>
   <div class='ocr_carea' id='block_1_3' title="bbox 146 303 1439 527">
    <p class='ocr_par' dir='ltr' id='par_1_3' title="bbox 146 303 1439 527">
     <span class='ocr_line' id='line_1_3' title="bbox 235 303 1436 359; baseline -0.002 -11"><span class='ocrx_word' id='word_1_5' title='bbox 235 305 460 348; x_wconf 89' lang='lat' dir='ltr'>Promittit</span> <span class='ocrx_word' id='word_1_6' title='bbox 491 306 716 359; x_wconf 88' lang='lat' dir='ltr'>praeterea</span> <span class='ocrx_word' id='word_1_7' title='bbox 746 304 851 359; x_wconf 87' lang='lat' dir='ltr'>ista,</span> <span class='ocrx_word' id='word_1_8' title='bbox 883 318 992 359; x_wconf 87' lang='lat' dir='ltr'>quae</span> <span class='ocrx_word' id='word_1_9' title='bbox 1024 304 1070 346; x_wconf 89' lang='lat' dir='ltr'>in</span> <span class='ocrx_word' id='word_1_10' title='bbox 1101 303 1340 346; x_wconf 89' lang='lat' dir='ltr'>hereditate</span> <span class='ocrx_word' id='word_1_11' title='bbox 1373 318 1436 346; x_wconf 90' lang='lat' dir='ltr'>re-</span> 
     </span>
     <span class='ocr_line' id='line_1_4' title="bbox 146 363 1437 418; baseline -0.003 -9"><span class='ocrx_word' id='word_1_12' title='bbox 146 366 251 409; x_wconf 88' lang='lat' dir='ltr'>licta</span> <span class='ocrx_word' id='word_1_13' title='bbox 276 367 394 408; x_wconf 85' lang='lat' dir='ltr'>sunt:</span> <span class='ocrx_word' id='word_1_14' title='bbox 425 364 544 406; x_wconf 87' lang='lat' dir='ltr'>illius</span> <span class='ocrx_word' id='word_1_15' title='bbox 572 378 677 406; x_wconf 87' lang='lat' dir='ltr'>esse.</span> <span class='ocrx_word' id='word_1_16' title='bbox 720 378 850 418; x_wconf 89' lang='lat' dir='ltr'>quam</span> <span class='ocrx_word' id='word_1_17' title='bbox 883 377 1058 405; x_wconf 89' lang='lat' dir='ltr'>causam</span> <span class='ocrx_word' id='word_1_18' title='bbox 1089 363 1332 406; x_wconf 87' lang='lat' dir='ltr'>revertendi</span> <span class='ocrx_word' id='word_1_19' title='bbox 1363 363 1437 405; x_wconf 87' lang='lat' dir='ltr'>ha-</span> 
     </span>
     <span class='ocr_line' id='line_1_5' title="bbox 147 423 1439 479; baseline -0.003 -11"><span class='ocrx_word' id='word_1_20' title='bbox 147 425 243 468; x_wconf 90' lang='lat' dir='ltr'>buit</span> <span class='ocrx_word' id='word_1_21' title='bbox 269 424 431 467; x_wconf 77' lang='lat' dir='ltr'>aliam?</span> <span class='ocrx_word' id='word_1_22' title='bbox 463 423 588 466; x_wconf 91' lang='lat' dir='ltr'>licuit</span> <span class='ocrx_word' id='word_1_23' title='bbox 614 423 692 478; x_wconf 90' lang='lat' dir='ltr'>illi,</span> <span class='ocrx_word' id='word_1_24' title='bbox 722 423 954 479; x_wconf 78' lang='lat' dir='ltr'><strong>ignorante</strong></span> <span class='ocrx_word' id='word_1_25' title='bbox 986 437 1049 478; x_wconf 89' lang='lat' dir='ltr'>eo,</span> <span class='ocrx_word' id='word_1_26' title='bbox 1081 423 1126 464; x_wconf 90' lang='lat' dir='ltr'>in</span> <span class='ocrx_word' id='word_1_27' title='bbox 1158 423 1305 478; x_wconf 85' lang='lat' dir='ltr'>aliqua</span> <span class='ocrx_word' id='word_1_28' title='bbox 1337 423 1439 465; x_wconf 86' lang='lat' dir='ltr'>civi-</span> 
     </span>
     <span class='ocr_line' id='line_1_6' title="bbox 148 484 520 527; baseline -0.003 -1"><span class='ocrx_word' id='word_1_29' title='bbox 148 486 239 527; x_wconf 87' lang='lat' dir='ltr'>tate</span> <span class='ocrx_word' id='word_1_30' title='bbox 272 484 520 526; x_wconf 82' lang='lat' dir='ltr'>subsistere.</span> 
     </span>
    </p>
   </div>
   <div class='ocr_carea' id='block_1_4' title="bbox 150 575 1439 716">
    <p class='ocr_par' dir='ltr' id='par_1_4' title="bbox 150 575 1439 716">
     <span class='ocr_line' id='line_1_7' title="bbox 645 575 942 621; baseline -0.003 0"><span class='ocrx_word' id='word_1_31' title='bbox 645 575 942 621; x_wconf 79' lang='lat' dir='ltr'>CGGXLIII.</span> 
     </span>
     <span class='ocr_line' id='line_1_8' title="bbox 150 659 1439 716; baseline 0 -11"><span class='ocrx_word' id='word_1_32' title='bbox 150 661 557 716; x_wconf 79' lang='lat' dir='ltr'>Circumscriptor</span> <span class='ocrx_word' id='word_1_33' title='bbox 581 661 822 716; x_wconf 83' lang='lat' dir='ltr'>pauperis,</span> <span class='ocrx_word' id='word_1_34' title='bbox 853 659 1022 703; x_wconf 82' lang='lat' dir='ltr'>divitis</span> <span class='ocrx_word' id='word_1_35' title='bbox 1048 660 1261 715; x_wconf 86' lang='lat' dir='ltr'>raptoris</span> <span class='ocrx_word' id='word_1_36' title='bbox 1288 671 1439 705; x_wconf 86' lang='lat' dir='ltr'>socer.</span> 
     </span>
    </p>
   </div>
   <div class='ocr_carea' id='block_1_5' title="bbox 149 743 1443 1215">
    <p class='ocr_par' dir='ltr' id='par_1_5' title="bbox 149 743 1443 1215">
     <span class='ocr_line' id='line_1_9' title="bbox 149 743 1439 798; baseline -0.003 -9"><span class='ocrx_word' id='word_1_37' title='bbox 149 745 626 790; x_wconf 71' lang='lat' dir='ltr'>cmcunscmmoms</span> <span class='ocrx_word' id='word_1_38' title='bbox 672 758 741 786; x_wconf 83' lang='lat' dir='ltr'>SIT</span> <span class='ocrx_word' id='word_1_39' title='bbox 781 755 933 786; x_wconf 83' lang='lat' dir='ltr'>ACTIO.</span> <span class='ocrx_word' id='word_1_40' title='bbox 1006 743 1178 798; x_wconf 85' lang='lat' dir='ltr'>Pauper</span> <span class='ocrx_word' id='word_1_41' title='bbox 1228 746 1271 786; x_wconf 84' lang='lat' dir='ltr'>et</span> <span class='ocrx_word' id='word_1_42' title='bbox 1320 744 1439 786; x_wconf 85' lang='lat' dir='ltr'>dives</span> 
     </span>
     <span class='ocr_line' id='line_1_10' title="bbox 270 803 1442 859; baseline -0.001 -12"><span class='ocrx_word' id='word_1_43' title='bbox 270 805 451 848; x_wconf 91' lang='lat' dir='ltr'>eandem</span> <span class='ocrx_word' id='word_1_44' title='bbox 508 805 698 859; x_wconf 82' lang='lat' dir='ltr'>puellam</span> <span class='ocrx_word' id='word_1_45' title='bbox 750 803 958 859; x_wconf 89' lang='lat' dir='ltr'>petebant</span> <span class='ocrx_word' id='word_1_46' title='bbox 1007 803 1051 845; x_wconf 91' lang='lat' dir='ltr'>in</span> <span class='ocrx_word' id='word_1_47' title='bbox 1101 803 1442 846; x_wconf 87' lang='lat' dir='ltr'>matrimonium.</span> 
     </span>
     <span class='ocr_line' id='line_1_11' title="bbox 270 862 1439 920; baseline -0.002 -14"><span class='ocrx_word' id='word_1_48' title='bbox 270 866 398 920; x_wconf 88' lang='lat' dir='ltr'>capta</span> <span class='ocrx_word' id='word_1_49' title='bbox 436 866 501 906; x_wconf 88' lang='lat' dir='ltr'>est</span> <span class='ocrx_word' id='word_1_50' title='bbox 538 864 633 918; x_wconf 89' lang='lat' dir='ltr'>illa,</span> <span class='ocrx_word' id='word_1_51' title='bbox 673 877 782 918; x_wconf 87' lang='lat' dir='ltr'>quae</span> <span class='ocrx_word' id='word_1_52' title='bbox 813 863 1054 917; x_wconf 72' lang='lat' dir='ltr'>petebatur.</span> <span class='ocrx_word' id='word_1_53' title='bbox 1115 862 1264 917; x_wconf 86' lang='lat' dir='ltr'>posuit</span> <span class='ocrx_word' id='word_1_54' title='bbox 1296 863 1439 905; x_wconf 89' lang='lat' dir='ltr'>condi-</span> 
     </span>
     <span class='ocr_line' id='line_1_12' title="bbox 268 921 1440 978; baseline -0.001 -13"><span class='ocrx_word' id='word_1_55' title='bbox 268 924 435 966; x_wconf 85' lang='lat' dir='ltr'>cionem</span> <span class='ocrx_word' id='word_1_56' title='bbox 467 923 728 978; x_wconf 72' lang='lat' dir='ltr'>petitoribus</span> <span class='ocrx_word' id='word_1_57' title='bbox 760 924 896 976; x_wconf 89' lang='lat' dir='ltr'>pater,</span> <span class='ocrx_word' id='word_1_58' title='bbox 932 922 1023 963; x_wconf 90' lang='lat' dir='ltr'>eius</span> <span class='ocrx_word' id='word_1_59' title='bbox 1057 923 1183 975; x_wconf 89' lang='lat' dir='ltr'>esset,</span> <span class='ocrx_word' id='word_1_60' title='bbox 1215 921 1289 976; x_wconf 91' lang='lat' dir='ltr'>qui</span> <span class='ocrx_word' id='word_1_61' title='bbox 1321 922 1440 964; x_wconf 89' lang='lat' dir='ltr'>rede-</span> 
     </span>
     <span class='ocr_line' id='line_1_13' title="bbox 269 980 1441 1037; baseline -0.002 -13"><span class='ocrx_word' id='word_1_62' title='bbox 269 983 433 1025; x_wconf 85' lang='lat' dir='ltr'>misset.</span> <span class='ocrx_word' id='word_1_63' title='bbox 477 997 642 1037; x_wconf 87' lang='lat' dir='ltr'>pauper</span> <span class='ocrx_word' id='word_1_64' title='bbox 673 981 891 1036; x_wconf 87' lang='lat' dir='ltr'>profectus</span> <span class='ocrx_word' id='word_1_65' title='bbox 926 983 992 1023; x_wconf 89' lang='lat' dir='ltr'>est</span> <span class='ocrx_word' id='word_1_66' title='bbox 1024 983 1067 1022; x_wconf 91' lang='lat' dir='ltr'>et</span> <span class='ocrx_word' id='word_1_67' title='bbox 1099 980 1279 1023; x_wconf 86' lang='lat' dir='ltr'>redemit</span> <span class='ocrx_word' id='word_1_68' title='bbox 1310 982 1441 1037; x_wconf 86' lang='lat' dir='ltr'>virgi-</span> 
     </span>
     <span class='ocr_line' id='line_1_14' title="bbox 268 1040 1443 1096; baseline -0.001 -12"><span class='ocrx_word' id='word_1_69' title='bbox 268 1056 380 1084; x_wconf 86' lang='lat' dir='ltr'>nem.</span> <span class='ocrx_word' id='word_1_70' title='bbox 441 1041 588 1096; x_wconf 86' lang='lat' dir='ltr'>rapuit</span> <span class='ocrx_word' id='word_1_71' title='bbox 631 1040 754 1083; x_wconf 90' lang='lat' dir='ltr'>illam</span> <span class='ocrx_word' id='word_1_72' title='bbox 797 1040 1055 1094; x_wconf 83' lang='lat' dir='ltr'>competitor</span> <span class='ocrx_word' id='word_1_73' title='bbox 1094 1040 1227 1082; x_wconf 88' lang='lat' dir='ltr'>dives.</span> <span class='ocrx_word' id='word_1_74' title='bbox 1290 1041 1443 1083; x_wconf 86' lang='lat' dir='ltr'>educta</span> 
     </span>
     <span class='ocr_line' id='line_1_15' title="bbox 270 1099 1442 1156; baseline -0.001 -13"><span class='ocrx_word' id='word_1_75' title='bbox 270 1101 324 1143; x_wconf 89' lang='lat' dir='ltr'>ad</span> <span class='ocrx_word' id='word_1_76' title='bbox 348 1100 635 1156; x_wconf 81' lang='lat' dir='ltr'>magistratus</span> <span class='ocrx_word' id='word_1_77' title='bbox 661 1100 835 1155; x_wconf 84' lang='lat' dir='ltr'>nuptias</span> <span class='ocrx_word' id='word_1_78' title='bbox 863 1100 1041 1155; x_wconf 88' lang='lat' dir='ltr'>optavit.</span> <span class='ocrx_word' id='word_1_79' title='bbox 1081 1099 1442 1155; x_wconf 84' lang='lat' dir='ltr'>circumscriptio-</span> 
     </span>
     <span class='ocr_line' id='line_1_16' title="bbox 271 1161 1045 1215; baseline -0.003 -13"><span class='ocrx_word' id='word_1_80' title='bbox 271 1161 339 1202; x_wconf 85' lang='lat' dir='ltr'>nis</span> <span class='ocrx_word' id='word_1_81' title='bbox 373 1162 600 1202; x_wconf 88' lang='lat' dir='ltr'>accusatur</span> <span class='ocrx_word' id='word_1_82' title='bbox 630 1162 757 1215; x_wconf 88' lang='lat' dir='ltr'>pater</span> <span class='ocrx_word' id='word_1_83' title='bbox 788 1175 812 1200; x_wconf 87' lang='lat' dir='ltr'>a</span> <span class='ocrx_word' id='word_1_84' title='bbox 842 1173 1045 1213; x_wconf 87' lang='lat' dir='ltr'>paupere.</span> 
     </span>
    </p>
   </div>
   <div class='ocr_carea' id='block_1_6' title="bbox 683 1264 916 1308">
    <p class='ocr_par' dir='ltr' id='par_1_6' title="bbox 683 1264 916 1308">
     <span class='ocr_line' id='line_1_17' title="bbox 683 1264 916 1308; baseline -0.004 0"><span class='ocrx_word' id='word_1_85' title='bbox 683 1264 916 1308; x_wconf 79' lang='lat' dir='ltr'>SERMO.</span> 
     </span>
    </p>
   </div>
   <div class='ocr_carea' id='block_1_7' title="bbox 153 1335 1448 1984">
    <p class='ocr_par' dir='ltr' id='par_1_7' title="bbox 153 1335 1448 1984">
     <span class='ocr_line' id='line_1_18' title="bbox 242 1335 1446 1390; baseline -0.001 -12"><span class='ocrx_word' id='word_1_86' title='bbox 242 1336 346 1379; x_wconf 88' lang='lat' dir='ltr'>Non</span> <span class='ocrx_word' id='word_1_87' title='bbox 382 1338 553 1378; x_wconf 86' lang='lat' dir='ltr'>tantum</span> <span class='ocrx_word' id='word_1_88' title='bbox 591 1336 717 1378; x_wconf 89' lang='lat' dir='ltr'>nobis</span> <span class='ocrx_word' id='word_1_89' title='bbox 754 1336 802 1377; x_wconf 93' lang='lat' dir='ltr'>in</span> <span class='ocrx_word' id='word_1_90' title='bbox 838 1336 921 1378; x_wconf 87' lang='lat' dir='ltr'>hoc</span> <span class='ocrx_word' id='word_1_91' title='bbox 951 1335 1240 1378; x_wconf 89' lang='lat' dir='ltr'>laborandum</span> <span class='ocrx_word' id='word_1_92' title='bbox 1274 1337 1357 1390; x_wconf 87' lang='lat' dir='ltr'>est,</span> <span class='ocrx_word' id='word_1_93' title='bbox 1398 1338 1446 1377; x_wconf 89' lang='lat' dir='ltr'>ut</span> 
     </span>
     <span class='ocr_line' id='line_1_19' title="bbox 154 1395 1447 1450; baseline -0.002 -11"><span class='ocrx_word' id='word_1_94' title='bbox 154 1395 506 1450; x_wconf 86' lang='lat' dir='ltr'>circumscriptus</span> <span class='ocrx_word' id='word_1_95' title='bbox 546 1396 604 1438; x_wconf 89' lang='lat' dir='ltr'>sit</span> <span class='ocrx_word' id='word_1_96' title='bbox 636 1395 904 1450; x_wconf 82' lang='lat' dir='ltr'>adulescens,</span> <span class='ocrx_word' id='word_1_97' title='bbox 943 1397 1152 1450; x_wconf 86' lang='lat' dir='ltr'>quantum</span> <span class='ocrx_word' id='word_1_98' title='bbox 1185 1395 1231 1436; x_wconf 91' lang='lat' dir='ltr'>in</span> <span class='ocrx_word' id='word_1_99' title='bbox 1262 1395 1360 1449; x_wconf 90' lang='lat' dir='ltr'>illo,</span> <span class='ocrx_word' id='word_1_100' title='bbox 1398 1397 1447 1436; x_wconf 91' lang='lat' dir='ltr'>ut</span> 
     </span>
     <span class='ocr_line' id='line_1_20' title="bbox 154 1453 1447 1510; baseline -0.002 -12"><span class='ocrx_word' id='word_1_101' title='bbox 154 1455 504 1509; x_wconf 86' lang='lat' dir='ltr'>circumscriptus</span> <span class='ocrx_word' id='word_1_102' title='bbox 538 1455 595 1496; x_wconf 88' lang='lat' dir='ltr'>sit</span> <span class='ocrx_word' id='word_1_103' title='bbox 627 1470 653 1496; x_wconf 90' lang='lat' dir='ltr'>a</span> <span class='ocrx_word' id='word_1_104' title='bbox 683 1456 820 1509; x_wconf 87' lang='lat' dir='ltr'>patre.</span> <span class='ocrx_word' id='word_1_105' title='bbox 878 1469 973 1496; x_wconf 90' lang='lat' dir='ltr'>esse</span> <span class='ocrx_word' id='word_1_106' title='bbox 1005 1454 1120 1496; x_wconf 90' lang='lat' dir='ltr'>enim</span> <span class='ocrx_word' id='word_1_107' title='bbox 1151 1453 1313 1496; x_wconf 88' lang='lat' dir='ltr'>iustam</span> <span class='ocrx_word' id='word_1_108' title='bbox 1346 1468 1447 1510; x_wconf 90' lang='lat' dir='ltr'>que-</span> 
     </span>
     <span class='ocr_line' id='line_1_21' title="bbox 155 1513 1446 1569; baseline -0.002 -12"><span class='ocrx_word' id='word_1_109' title='bbox 155 1515 294 1557; x_wconf 91' lang='lat' dir='ltr'>relam</span> <span class='ocrx_word' id='word_1_110' title='bbox 327 1515 430 1569; x_wconf 89' lang='lat' dir='ltr'>eius,</span> <span class='ocrx_word' id='word_1_111' title='bbox 463 1514 538 1569; x_wconf 89' lang='lat' dir='ltr'>qui</span> <span class='ocrx_word' id='word_1_112' title='bbox 569 1514 753 1556; x_wconf 89' lang='lat' dir='ltr'>redemit</span> <span class='ocrx_word' id='word_1_113' title='bbox 784 1516 827 1556; x_wconf 87' lang='lat' dir='ltr'>et</span> <span class='ocrx_word' id='word_1_114' title='bbox 854 1514 1033 1569; x_wconf 87' lang='lat' dir='ltr'>reduxit,</span> <span class='ocrx_word' id='word_1_115' title='bbox 1066 1528 1163 1556; x_wconf 91' lang='lat' dir='ltr'>cum</span> <span class='ocrx_word' id='word_1_116' title='bbox 1188 1513 1446 1569; x_wconf 89' lang='lat' dir='ltr'>praesertim</span> 
     </span>
     <span class='ocr_line' id='line_1_22' title="bbox 156 1572 1447 1629; baseline -0.002 -13"><span class='ocrx_word' id='word_1_117' title='bbox 156 1575 236 1616; x_wconf 87' lang='lat' dir='ltr'>sub</span> <span class='ocrx_word' id='word_1_118' title='bbox 267 1576 398 1629; x_wconf 85' lang='lat' dir='ltr'>pacto</span> <span class='ocrx_word' id='word_1_119' title='bbox 429 1573 671 1629; x_wconf 80' lang='lat' dir='ltr'>redemerit,</span> <span class='ocrx_word' id='word_1_120' title='bbox 707 1573 988 1615; x_wconf 87' lang='lat' dir='ltr'>manifestum</span> <span class='ocrx_word' id='word_1_121' title='bbox 1021 1576 1098 1615; x_wconf 91' lang='lat' dir='ltr'>est.</span> <span class='ocrx_word' id='word_1_122' title='bbox 1161 1572 1363 1615; x_wconf 88' lang='lat' dir='ltr'>eximitur</span> <span class='ocrx_word' id='word_1_123' title='bbox 1394 1587 1447 1614; x_wconf 86' lang='lat' dir='ltr'>ex</span> 
     </span>
     <span class='ocr_line' id='line_1_23' title="bbox 154 1632 1445 1688; baseline -0.001 -13"><span class='ocrx_word' id='word_1_124' title='bbox 154 1635 278 1688; x_wconf 87' lang='lat' dir='ltr'>parte</span> <span class='ocrx_word' id='word_1_125' title='bbox 324 1633 493 1675; x_wconf 88' lang='lat' dir='ltr'>diversa</span> <span class='ocrx_word' id='word_1_126' title='bbox 530 1633 594 1674; x_wconf 92' lang='lat' dir='ltr'>rei</span> <span class='ocrx_word' id='word_1_127' title='bbox 630 1647 832 1687; x_wconf 89' lang='lat' dir='ltr'>persona:</span> <span class='ocrx_word' id='word_1_128' title='bbox 875 1633 1016 1688; x_wconf 90' lang='lat' dir='ltr'>„quod</span> <span class='ocrx_word' id='word_1_129' title='bbox 1055 1632 1220 1674; x_wconf 88' lang='lat' dir='ltr'>factum</span> <span class='ocrx_word' id='word_1_130' title='bbox 1263 1635 1348 1686; x_wconf 89' lang='lat' dir='ltr'>est,</span> <span class='ocrx_word' id='word_1_131' title='bbox 1392 1647 1445 1674; x_wconf 88' lang='lat' dir='ltr'>ne</span> 
     </span>
     <span class='ocr_line' id='line_1_24' title="bbox 156 1691 1447 1747; baseline 0 -13"><span class='ocrx_word' id='word_1_132' title='bbox 156 1693 330 1734; x_wconf 89' lang='lat' dir='ltr'>duceret</span> <span class='ocrx_word' id='word_1_133' title='bbox 361 1692 445 1744; x_wconf 90' lang='grc'><strong>1116,</strong></span> <span class='ocrx_word' id='word_1_134' title='bbox 477 1706 563 1735; x_wconf 83' lang='grc'><strong>11011</strong></span> <span class='ocrx_word' id='word_1_135' title='bbox 600 1695 725 1747; x_wconf 87' lang='lat' dir='ltr'>pater</span> <span class='ocrx_word' id='word_1_136' title='bbox 756 1692 872 1735; x_wconf 89' lang='lat' dir='ltr'>fecit.</span> <span class='ocrx_word' id='word_1_137' title='bbox 927 1692 1073 1746; x_wconf 85' lang='lat' dir='ltr'>rapuit</span> <span class='ocrx_word' id='word_1_138' title='bbox 1105 1691 1237 1746; x_wconf 81' lang='lat' dir='ltr'>dives,</span> <span class='ocrx_word' id='word_1_139' title='bbox 1277 1692 1447 1747; x_wconf 86' lang='lat' dir='ltr'>optavit</span> 
     </span>
     <span class='ocr_line' id='line_1_25' title="bbox 154 1750 1446 1807; baseline 0 -13"><span class='ocrx_word' id='word_1_140' title='bbox 154 1752 320 1807; x_wconf 89' lang='lat' dir='ltr'>puella,</span> <span class='ocrx_word' id='word_1_141' title='bbox 370 1754 495 1807; x_wconf 87' lang='lat' dir='ltr'>pater</span> <span class='ocrx_word' id='word_1_142' title='bbox 543 1754 715 1794; x_wconf 86' lang='lat' dir='ltr'>tantum</span> <span class='ocrx_word' id='word_1_143' title='bbox 759 1750 1003 1807; x_wconf 87' lang='lat' dir='ltr'>promisit.“</span> <span class='ocrx_word' id='word_1_144' title='bbox 1081 1751 1295 1806; x_wconf 92' lang='lat' dir='ltr'>quomodo</span> <span class='ocrx_word' id='word_1_145' title='bbox 1342 1765 1446 1807; x_wconf 85' lang='lat' dir='ltr'>ergo</span> 
     </span>
     <span class='ocr_line' id='line_1_26' title="bbox 154 1810 1448 1867; baseline 0 -15"><span class='ocrx_word' id='word_1_146' title='bbox 154 1811 243 1863; x_wconf 89' lang='lat' dir='ltr'>fiet,</span> <span class='ocrx_word' id='word_1_147' title='bbox 275 1813 325 1853; x_wconf 92' lang='lat' dir='ltr'>ut</span> <span class='ocrx_word' id='word_1_148' title='bbox 355 1810 426 1853; x_wconf 91' lang='lat' dir='ltr'>hic</span> <span class='ocrx_word' id='word_1_149' title='bbox 458 1811 874 1867; x_wconf 81' lang='lat' dir='ltr'>circumscripserit?</span> <span class='ocrx_word' id='word_1_150' title='bbox 913 1811 950 1852; x_wconf 90' lang='lat' dir='ltr'>si</span> <span class='ocrx_word' id='word_1_151' title='bbox 974 1811 1132 1866; x_wconf 91' lang='lat' dir='ltr'>probat</span> <span class='ocrx_word' id='word_1_152' title='bbox 1159 1811 1308 1852; x_wconf 89' lang='lat' dir='ltr'>omnia</span> <span class='ocrx_word' id='word_1_153' title='bbox 1332 1810 1448 1853; x_wconf 84' lang='lat' dir='ltr'>facta</span> 
     </span>
     <span class='ocr_line' id='line_1_27' title="bbox 153 1869 1448 1925; baseline -0.001 -13"><span class='ocrx_word' id='word_1_154' title='bbox 153 1870 283 1913; x_wconf 89' lang='lat' dir='ltr'>huius</span> <span class='ocrx_word' id='word_1_155' title='bbox 304 1870 540 1912; x_wconf 89' lang='lat' dir='ltr'>voluntate.</span> <span class='ocrx_word' id='word_1_156' title='bbox 585 1870 759 1925; x_wconf 78' lang='lat' dir='ltr'>alioqui,</span> <span class='ocrx_word' id='word_1_157' title='bbox 785 1870 869 1911; x_wconf 91' lang='lat' dir='ltr'>nisi</span> <span class='ocrx_word' id='word_1_158' title='bbox 895 1870 978 1912; x_wconf 88' lang='lat' dir='ltr'>hoc</span> <span class='ocrx_word' id='word_1_159' title='bbox 1005 1869 1331 1923; x_wconf 89' lang='lat' dir='ltr'>obtinuerimus,</span> <span class='ocrx_word' id='word_1_160' title='bbox 1358 1869 1448 1912; x_wconf 86' lang='lat' dir='ltr'>fru-</span> 
     </span>
     <span class='ocr_line' id='line_1_28' title="bbox 162 1929 910 1984; baseline -0.001 -13"><span class='ocrx_word' id='word_1_161' title='bbox 162 1931 257 1971; x_wconf 87' lang='lat' dir='ltr'>stra</span> <span class='ocrx_word' id='word_1_162' title='bbox 288 1929 558 1984; x_wconf 87' lang='lat' dir='ltr'>plorabimus</span> <span class='ocrx_word' id='word_1_163' title='bbox 592 1929 706 1984; x_wconf 88' lang='lat' dir='ltr'>apud</span> <span class='ocrx_word' id='word_1_164' title='bbox 737 1929 910 1971; x_wconf 86' lang='lat' dir='ltr'>iudices.</span> 
     </span>
    </p>
   </div>
   <div class='ocr_carea' id='block_1_8' title="bbox 157 2031 1450 2362">
    <p class='ocr_par' dir='ltr' id='par_1_8' title="bbox 157 2031 1450 2362">
     <span class='ocr_line' id='line_1_29' title="bbox 254 2031 1448 2080; baseline -0.001 -12"><span class='ocrx_word' id='word_1_165' title='bbox 254 2037 271 2068; x_wconf 94' lang='lat'>1</span> <span class='ocrx_word' id='word_1_166' title='bbox 286 2031 557 2080; x_wconf 81' lang='lat' dir='ltr'>(Declamatio.</span> <span class='ocrx_word' id='word_1_167' title='bbox 562 2032 587 2080; x_wconf 89' lang='lat'>&gt;</span> <span class='ocrx_word' id='word_1_168' title='bbox 599 2033 678 2075; x_wconf 81' lang='lat' dir='ltr'>Ro;</span> <span class='ocrx_word' id='word_1_169' title='bbox 702 2033 797 2068; x_wconf 74' lang='lat' dir='ltr'>sicat</span> <span class='ocrx_word' id='word_1_170' title='bbox 820 2033 895 2067; x_wconf 81' lang='lat' dir='ltr'>iam</span> <span class='ocrx_word' id='word_1_171' title='bbox 916 2032 964 2066; x_wconf 78' lang='lat' dir='ltr'>Pi</span> <span class='ocrx_word' id='word_1_172' title='bbox 980 2035 1165 2076; x_wconf 81' lang='lat' dir='ltr'>postrema</span> <span class='ocrx_word' id='word_1_173' title='bbox 1184 2033 1271 2068; x_wconf 74' lang='lat' dir='ltr'>inde</span> <span class='ocrx_word' id='word_1_174' title='bbox 1290 2044 1314 2067; x_wconf 90' lang='lat' dir='ltr'>a</span> <span class='ocrx_word' id='word_1_175' title='bbox 1334 2044 1448 2077; x_wconf 89' lang='lat' dir='ltr'>quam</span> 
     </span>
     <span class='ocr_line' id='line_1_30' title="bbox 157 2079 1447 2126; baseline -0.001 -10"><span class='ocrx_word' id='word_1_176' title='bbox 157 2091 310 2116; x_wconf 82' lang='lat' dir='ltr'>causam</span> <span class='ocrx_word' id='word_1_177' title='bbox 336 2080 610 2116; x_wconf 68' lang='lat' dir='ltr'>declamationis</span> <span class='ocrx_word' id='word_1_178' title='bbox 635 2091 706 2115; x_wconf 81' lang='lat' dir='ltr'>esse</span> <span class='ocrx_word' id='word_1_179' title='bbox 725 2081 955 2115; x_wconf 76' lang='lat' dir='ltr'>iudicaverat</span> <span class='ocrx_word' id='word_1_180' title='bbox 973 2081 985 2126; x_wconf 77' lang='grc' dir='ltr'><strong>Η</strong></span> <span class='ocrx_word' id='word_1_181' title='bbox 1004 2084 1026 2114; x_wconf 85' lang='grc'>4</span> <span class='ocrx_word' id='word_1_182' title='bbox 1045 2079 1155 2115; x_wconf 86' lang='lat' dir='ltr'>licuit</span> <span class='ocrx_word' id='word_1_183' title='bbox 1173 2091 1239 2115; x_wconf 91' lang='lat' dir='ltr'>om.</span> <span class='ocrx_word' id='word_1_184' title='bbox 1254 2082 1281 2113; x_wconf 87' lang='lat' dir='ltr'>B</span> <span class='ocrx_word' id='word_1_185' title='bbox 1301 2081 1313 2126; x_wconf 80' lang='lat' dir='ltr'>H</span> <span class='ocrx_word' id='word_1_186' title='bbox 1333 2083 1353 2115; x_wconf 88' lang='grc'>8</span> <span class='ocrx_word' id='word_1_187' title='bbox 1373 2080 1447 2115; x_wconf 83' lang='lat' dir='ltr'>ista</span> 
     </span>
     <span class='ocr_line' id='line_1_31' title="bbox 158 2128 1447 2174; baseline 0.001 -11"><span class='ocrx_word' id='word_1_188' title='bbox 158 2130 236 2171; x_wconf 75' lang='grc' dir='ltr'>ΑΒ,</span> <span class='ocrx_word' id='word_1_189' title='bbox 258 2139 349 2163; x_wconf 81' lang='lat' dir='ltr'>corr.</span> <span class='ocrx_word' id='word_1_190' title='bbox 364 2128 454 2171; x_wconf 82' lang='lat' dir='ltr'>Aer,</span> <span class='ocrx_word' id='word_1_191' title='bbox 475 2131 627 2163; x_wconf 78' lang='lat' dir='ltr'>ceterum</span> <span class='ocrx_word' id='word_1_192' title='bbox 647 2128 693 2171; x_wconf 80' lang='lat' dir='ltr'>cf.</span> <span class='ocrx_word' id='word_1_193' title='bbox 713 2128 870 2162; x_wconf 83' lang='lat' dir='ltr'>themata</span> <span class='ocrx_word' id='word_1_194' title='bbox 889 2128 1194 2163; x_wconf 75' lang='lat' dir='ltr'>declamationum</span> <span class='ocrx_word' id='word_1_195' title='bbox 1214 2130 1288 2163; x_wconf 86' lang='lat'>363</span> <span class='ocrx_word' id='word_1_196' title='bbox 1302 2131 1334 2163; x_wconf 74' lang='lat' dir='ltr'>et</span> <span class='ocrx_word' id='word_1_197' title='bbox 1347 2128 1447 2174; x_wconf 67' lang='lat'><strong>2821}</strong></span> 
     </span>
     <span class='ocr_line' id='line_1_32' title="bbox 160 2155 1448 2221; baseline 0.001 -11"><span class='ocrx_word' id='word_1_198' title='bbox 160 2178 205 2210; x_wconf 89' lang='lat'>10</span> <span class='ocrx_word' id='word_1_199' title='bbox 229 2155 490 2211; x_wconf 78' lang='lat' dir='ltr'>bondicionem</span> <span class='ocrx_word' id='word_1_200' title='bbox 515 2185 580 2210; x_wconf 91' lang='lat' dir='ltr'>om.</span> <span class='ocrx_word' id='word_1_201' title='bbox 607 2177 634 2208; x_wconf 83' lang='lat' dir='ltr'>B</span> <span class='ocrx_word' id='word_1_202' title='bbox 654 2175 666 2220; x_wconf 71' lang='lat'>11</span> <span class='ocrx_word' id='word_1_203' title='bbox 694 2178 736 2209; x_wconf 90' lang='lat'>13</span> <span class='ocrx_word' id='word_1_204' title='bbox 764 2173 891 2209; x_wconf 87' lang='lat' dir='ltr'>educti</span> <span class='ocrx_word' id='word_1_205' title='bbox 915 2177 945 2208; x_wconf 87' lang='lat' dir='ltr'>B</span> <span class='ocrx_word' id='word_1_206' title='bbox 961 2175 973 2219; x_wconf 84' lang='grc' dir='ltr'>ΙΙ</span> <span class='ocrx_word' id='word_1_207' title='bbox 994 2179 1038 2210; x_wconf 84' lang='grc'>14</span> <span class='ocrx_word' id='word_1_208' title='bbox 1063 2186 1178 2220; x_wconf 87' lang='lat' dir='ltr'>magg</span> <span class='ocrx_word' id='word_1_209' title='bbox 1203 2177 1267 2209; x_wconf 80' lang='lat' dir='ltr'>AB</span> <span class='ocrx_word' id='word_1_210' title='bbox 1287 2176 1299 2221; x_wconf 76' lang='grc' dir='ltr'>ΙΙ</span> <span class='ocrx_word' id='word_1_211' title='bbox 1320 2179 1362 2211; x_wconf 83' lang='grc'>15</span> <span class='ocrx_word' id='word_1_212' title='bbox 1390 2187 1448 2211; x_wconf 89' lang='lat' dir='ltr'>ac-</span> 
     </span>
     <span class='ocr_line' id='line_1_33' title="bbox 159 2223 1450 2303; baseline 0 -46"><span class='ocrx_word' id='word_1_213' title='bbox 159 2223 308 2258; x_wconf 80' lang='lat' dir='ltr'>cusator</span> <span class='ocrx_word' id='word_1_214' title='bbox 333 2226 364 2256; x_wconf 74' lang='lat' dir='ltr'>A</span> <span class='ocrx_word' id='word_1_215' title='bbox 381 2223 394 2268; x_wconf 74' lang='grc' dir='ltr'>ΙΙ</span> <span class='ocrx_word' id='word_1_216' title='bbox 411 2233 556 2303; x_wconf 86' lang='lat' dir='ltr'>pauper</span> <span class='ocrx_word' id='word_1_217' title='bbox 577 2233 599 2257; x_wconf 91' lang='lat' dir='ltr'>a</span> <span class='ocrx_word' id='word_1_218' title='bbox 619 2233 782 2267; x_wconf 88' lang='lat' dir='ltr'>paupere</span> <span class='ocrx_word' id='word_1_219' title='bbox 802 2225 841 2266; x_wconf 90' lang='grc' dir='ltr'>Β,</span> <span class='ocrx_word' id='word_1_220' title='bbox 867 2233 1011 2268; x_wconf 84' lang='lat' dir='ltr'>pauper</span> <span class='ocrx_word' id='word_1_221' title='bbox 1030 2233 1052 2256; x_wconf 91' lang='lat' dir='ltr'>a</span> <span class='ocrx_word' id='word_1_222' title='bbox 1072 2223 1188 2258; x_wconf 84' lang='lat' dir='ltr'>divite</span> <span class='ocrx_word' id='word_1_223' title='bbox 1207 2227 1233 2256; x_wconf 87' lang='lat' dir='ltr'>P</span> <span class='ocrx_word' id='word_1_224' title='bbox 1252 2224 1264 2267; x_wconf 82' lang='grc' dir='ltr'>ΙΙ</span> <span class='ocrx_word' id='word_1_225' title='bbox 1285 2227 1328 2258; x_wconf 89' lang='grc'>19</span> <span class='ocrx_word' id='word_1_226' title='bbox 1348 2223 1450 2259; x_wconf 85' lang='lat' dir='ltr'>iusta</span> 
     </span>
     <span class='ocr_line' id='line_1_34' title="bbox 161 2268 1449 2318; baseline 0.002 -16"><span class='ocrx_word' id='word_1_227' title='bbox 161 2271 188 2302; x_wconf 86' lang='grc' dir='ltr'><strong><em>Β</em></strong></span> <span class='ocrx_word' id='word_1_228' title='bbox 207 2269 220 2315; x_wconf 77' lang='grc' dir='ltr'>ΙΙ</span> <span class='ocrx_word' id='word_1_229' title='bbox 239 2273 284 2304; x_wconf 79' lang='grc'>22</span> <span class='ocrx_word' id='word_1_230' title='bbox 311 2280 408 2315; x_wconf 82' lang='lat' dir='ltr'>pers.</span> <span class='ocrx_word' id='word_1_231' title='bbox 430 2268 556 2305; x_wconf 88' lang='lat' dir='ltr'>cumf</span> <span class='ocrx_word' id='word_1_232' title='bbox 583 2272 610 2303; x_wconf 91' lang='grc' dir='ltr'><strong><em>Β</em></strong></span> <span class='ocrx_word' id='word_1_233' title='bbox 630 2271 642 2315; x_wconf 76' lang='lat' dir='ltr'>{l</span> <span class='ocrx_word' id='word_1_234' title='bbox 662 2273 707 2304; x_wconf 78' lang='lat'>24</span> <span class='ocrx_word' id='word_1_235' title='bbox 723 2269 796 2314; x_wconf 69' lang='lat' dir='ltr'>quo</span> <span class='ocrx_word' id='word_1_236' title='bbox 816 2280 903 2315; x_wconf 90' lang='lat' dir='ltr'>ergo</span> <span class='ocrx_word' id='word_1_237' title='bbox 922 2273 953 2303; x_wconf 79' lang='lat' dir='ltr'>A</span> <span class='ocrx_word' id='word_1_238' title='bbox 970 2271 983 2315; x_wconf 85' lang='grc' dir='ltr'>ΙΙ</span> <span class='ocrx_word' id='word_1_239' title='bbox 1003 2272 1048 2304; x_wconf 83' lang='grc'>25</span> <span class='ocrx_word' id='word_1_240' title='bbox 1068 2270 1342 2318; x_wconf 85' lang='lat' dir='ltr'>proba&lt;veri&gt;t</span> <span class='ocrx_word' id='word_1_241' title='bbox 1360 2270 1419 2306; x_wconf 83' lang='lat' dir='ltr'>Ro</span> <span class='ocrx_word' id='word_1_242' title='bbox 1438 2271 1449 2315; x_wconf 82' lang='grc' dir='ltr'>ΙΙ</span> 
     </span>
     <span class='ocr_line' id='line_1_35' title="bbox 163 2316 1449 2362; baseline 0.002 -12"><span class='ocrx_word' id='word_1_243' title='bbox 163 2319 208 2351; x_wconf 83' lang='grc'><strong>26</strong></span> <span class='ocrx_word' id='word_1_244' title='bbox 225 2316 394 2361; x_wconf 84' lang='lat' dir='ltr'>alioquin</span> <span class='ocrx_word' id='word_1_245' title='bbox 420 2317 452 2352; x_wconf 85' lang='lat' dir='ltr'>si</span> <span class='ocrx_word' id='word_1_246' title='bbox 477 2320 504 2350; x_wconf 86' lang='grc' dir='ltr'><strong><em>Β</em></strong></span> <span class='ocrx_word' id='word_1_247' title='bbox 524 2318 535 2362; x_wconf 77' lang='grc' dir='ltr'><strong>ῃ</strong></span> <span class='ocrx_word' id='word_1_248' title='bbox 555 2316 807 2352; x_wconf 87' lang='lat' dir='ltr'>obtineremus</span> <span class='ocrx_word' id='word_1_249' title='bbox 827 2320 864 2361; x_wconf 85' lang='lat' dir='ltr'>P,</span> <span class='ocrx_word' id='word_1_250' title='bbox 892 2316 1163 2353; x_wconf 85' lang='lat' dir='ltr'>obtinuerimus</span> <span class='ocrx_word' id='word_1_251' title='bbox 1189 2318 1267 2354; x_wconf 78' lang='lat' dir='ltr'>edd.</span> <span class='ocrx_word' id='word_1_252' title='bbox 1295 2319 1340 2353; x_wconf 87' lang='lat' dir='ltr'>ab</span> <span class='ocrx_word' id='word_1_253' title='bbox 1362 2318 1449 2353; x_wconf 84' lang='lat' dir='ltr'>Aer.</span> 
     </span>
    </p>
   </div>
   <div class='ocr_carea' id='block_1_9' title="bbox 238 2381 1235 2415">
    <p class='ocr_par' dir='ltr' id='par_1_9' title="bbox 238 2381 1235 2415">
     <span class='ocr_line' id='line_1_36' title="bbox 238 2381 1235 2415; baseline 0.005 -8"><span class='ocrx_word' id='word_1_254' title='bbox 238 2382 424 2414; x_wconf 70' lang='lat' dir='ltr'>Quintilian&#39;</span> <span class='ocrx_word' id='word_1_255' title='bbox 445 2382 531 2415; x_wconf 84' lang='lat' dir='ltr'>dl</span> <span class='ocrx_word' id='word_1_256' title='bbox 558 2383 603 2409; x_wconf 85' lang='lat' dir='ltr'>ed.</span> <span class='ocrx_word' id='word_1_257' title='bbox 624 2382 725 2408; x_wconf 76' lang='lat' dir='ltr'>Riertt</span> <span class='ocrx_word' id='word_1_258' title='bbox 1191 2381 1235 2412; x_wconf 78' lang='lat'>23</span> 
     </span>
    </p>
   </div>
   <div class='ocr_carea' id='block_1_10' title="bbox 1465 494 1485 525">
    <p class='ocr_par' dir='ltr' id='par_1_10' title="bbox 1465 494 1485 525">
     <span class='ocr_line' id='line_1_37' title="bbox 1465 494 1485 525; baseline 0 0"><span class='ocrx_word' id='word_1_259' title='bbox 1465 494 1485 525; x_wconf 83' lang='lat'>5</span> 
     </span>
    </p>
   </div>
   <div class='ocr_carea' id='block_1_11' title="bbox 1469 873 1513 906">
    <p class='ocr_par' dir='ltr' id='par_1_11' title="bbox 1469 873 1513 906">
     <span class='ocr_line' id='line_1_38' title="bbox 1469 873 1513 906; baseline 0.023 -1"><span class='ocrx_word' id='word_1_260' title='bbox 1469 873 1513 906; x_wconf 91' lang='lat'>10</span> 
     </span>
    </p>
   </div>
   <div class='ocr_carea' id='block_1_12' title="bbox 1471 1170 1514 1202">
    <p class='ocr_par' dir='ltr' id='par_1_12' title="bbox 1471 1170 1514 1202">
     <span class='ocr_line' id='line_1_39' title="bbox 1471 1170 1514 1202; baseline 0 0"><span class='ocrx_word' id='word_1_261' title='bbox 1471 1170 1514 1202; x_wconf 87' lang='lat'>15</span> 
     </span>
    </p>
   </div>
   <div class='ocr_carea' id='block_1_13' title="bbox 1472 1525 1517 1557">
    <p class='ocr_par' dir='ltr' id='par_1_13' title="bbox 1472 1525 1517 1557">
     <span class='ocr_line' id='line_1_40' title="bbox 1472 1525 1517 1557; baseline 0.022 -1"><span class='ocrx_word' id='word_1_262' title='bbox 1472 1525 1517 1557; x_wconf 84' lang='lat'>20</span> 
     </span>
    </p>
   </div>
   <div class='ocr_carea' id='block_1_14' title="bbox 1474 1821 1518 1853">
    <p class='ocr_par' dir='ltr' id='par_1_14' title="bbox 1474 1821 1518 1853">
     <span class='ocr_line' id='line_1_41' title="bbox 1474 1821 1518 1853; baseline 0 0"><span class='ocrx_word' id='word_1_263' title='bbox 1474 1821 1518 1853; x_wconf 79' lang='lat'>25</span> 
     </span>
    </p>
   </div>
  </div>
 </body>
</html>
