1604 2488
406 110 830 161 DECLAMAUONES.
858 123 1010 160 cccvi
1271 122 1359 165 203

76 236 319 279 senatorem
346 234 454 276 citat
477 233 646 288 consu13
674 235 740 275 est
759 247 837 276 sua
854 231 1147 288 legationibus
1167 231 1356 287 requies3

78 309 176 338 cum
205 294 286 337 hos
318 293 524 336 habueris
559 307 709 348 annos,
739 293 828 335 iam
858 306 947 334 non
978 291 1200 334 militabis.

164 352 295 410 Cogis
321 367 402 395 nos
429 366 559 409 agere
583 352 754 395 fortius.
787 366 877 395 non
897 351 1097 394 omnibus
1117 351 1359 406 praemium

60 413 271 456 debetur:
314 427 404 455 non
440 413 561 467 petet
599 426 766 463 servm,
806 425 895 454 non
933 412 1054 466 petet
1089 410 1359 465 peregrinus.

70 474 121 516 tu
164 472 280 515 hane
317 471 554 514 adserendo
592 474 776 514 matrem
813 470 989 513 incertis
1027 472 1072 513 te
1102 469 1356 525 parentibus
1383 479 1404 511 5

72 545 169 575 esse
200 531 424 574 confessus
458 545 515 573 eS.
559 533 608 573 ut
640 533 791 586 optare
815 530 972 586 possis,
1002 529 1193 585 primum
1217 531 1261 571 te
1285 543 1358 571 ne-

71 605 190 634 cesse
234 592 302 633 est
344 590 483 632 filium
525 589 694 645 probes.
769 590 1050 646 perseveras?
1108 590 1168 632 sic
1219 602 1359 646 agam,

68 652 295 706 tamquam
326 649 445 693 velit.
492 649 656 704 nuptiis
689 649 773 692 tibi
804 664 912 705 opus
938 664 1027 692 non
1053 652 1119 692 est
1143 649 1226 692 hoc
1254 652 1359 691 tem-

69 723 193 766 pore:
225 709 415 752 militare
447 708 589 763 debes,
621 709 845 764 excubare,
876 709 1073 766 vigilare.
1118 709 1173 751 ab
1205 708 1288 751 hac
1313 711 1356 750 te

67 769 295 811 voluntate
325 782 414 811 non
445 767 630 811 debebat
659 783 738 811 nec
770 771 910 811 mater
935 770 1156 811 abducere.
1198 771 1272 810 aut
1295 771 1357 823 tu,
1386 779 1430 810 10

70 828 108 870 si
134 828 325 884 quietem
345 827 498 883 mavis,
523 828 604 870 duc
622 842 800 870 uxorem
819 843 980 883 parem.
1014 829 1140 881 [bene
1161 827 1357 880 dietum}

69 887 320 942 compositis
359 887 576 930 aetatibus
616 890 766 930 coacta
803 888 1083 930 matrimonia
1113 889 1262 928 tamen
1293 886 1358 928 fa-

68 946 151 988 cile
194 945 553 1001 fastidiunt<ur>:
604 947 693 989 sive
744 960 832 989 non
875 946 1009 989 habet
1054 960 1198 1000 omne,
1243 945 1358 1001 quod

67 1005 181 1060 licet,
210 1005 495 1060 voluptatem,
528 1020 603 1048 seu
629 1005 845 1048 continuis
871 1005 1015 1048 vicina
1041 1005 1232 1056 satietas,
1266 1004 1357 1047 sive

66 1063 221 1107 durum
254 1066 339 1119 est,
371 1064 485 1119 quod
516 1078 693 1107 necesse
726 1067 805 1107 est.
856 1065 998 1119 <inter
1027 1079 1155 1120 pares
1188 1079 1356 1120 quoque
1386 1075 1426 1107 15

67 1137 205 1166 annos
243 1122 370 1166 citius
408 1122 573 1166 femina
614 1124 816 1179 senescit,
859 1138 999 1180 neque
1039 1126 1213 1166 amatur
1250 1138 1357 1166 anus

66 1196 176 1224 uxor
205 1182 291 1225 nisi
321 1183 571 1238 memoria.)
621 1183 724 1238 quid
757 1184 794 1226 si
823 1183 964 1225 adfert
989 1184 1163 1238 inpares
1188 1183 1357 1225 annos?

67 1241 114 1282 in
154 1241 238 1284 hac
281 1244 424 1284 aetate
467 1256 522 1284 ne
566 1242 670 1284 olim
715 1242 887 1297 quidem
928 1242 1063 1284 iuncti
1107 1256 1152 1283 se
1197 1244 1357 1283 amant.

67 1300 235 1356 operies
275 1301 474 1343 flammeo
517 1301 680 1343 canos?
730 1303 779 1343 ut
815 1301 991 1344 inducta
1029 1302 1075 1342 in
1112 1301 1356 1343 cubiculum

66 1359 282 1415 quomodo
320 1359 602 1402 blandiatur?
649 1360 864 1415 quomodo
903 1359 1125 1416 appellet?
1168 1374 1270 1401 nam
1307 1362 1356 1401 tu
1382 1371 1428 1403 20

66 1420 251 1461 matrem
288 1419 477 1462 vocabis.
537 1419 669 1472 [inter
699 1434 824 1474 pares
857 1434 1026 1475 quoque
1059 1433 1195 1462 annos
1227 1419 1355 1460 citius

65 1477 229 1520 femina
259 1478 464 1532 senescit,
494 1493 633 1534 neque
665 1481 838 1520 amatur
869 1493 976 1520 anus
1008 1493 1117 1521 uxor
1147 1478 1233 1520 nisi
1271 1492 1356 1520 me-

66 1537 237 1591 moria]
298 1539 348 1579 tu
390 1537 580 1579 fortasse
617 1539 645 1590 -ἰ-
663 1552 775 1580 nunc
815 1537 922 1580 velis
942 1539 988 1591 †:
1031 1538 1155 1579 illum
1193 1551 1355 1579 annum

66 1598 264 1652 expecta,
308 1596 382 1652 qui
420 1597 583 1639 veniet:
626 1611 716 1639 non
755 1596 936 1638 eundem
979 1597 1162 1653 gradum
1198 1596 1356 1638 ultima

65 1658 184 1698 aetas
222 1655 346 1711 facit,
384 1669 462 1698 nec
495 1655 661 1699 decedit
693 1670 895 1711 suprema
926 1656 1035 1711 vita,
1074 1655 1149 1698 sed
1180 1655 1355 1698 corruit.
1381 1667 1425 1700 25

63 1727 152 1756 non
187 1714 327 1770 ipsam
363 1715 478 1770 petis
515 1718 555 1757 et
582 1718 658 1758 tua
690 1715 802 1757 nihil
834 1716 1028 1771 interest,
1067 1729 1176 1758 uxor
1208 1716 1266 1757 sit
1299 1730 1355 1757 an

63 1775 215 1816 mater.

153 1831 268 1876 Satis
301 1833 375 1876 diu
399 1833 510 1876 fictis
536 1834 856 1889 respondimus:
887 1849 1001 1877 nunc
1027 1849 1096 1877 ars
1123 1834 1354 1889 aperienda

158 1940 180 1972 2
206 1937 381 1974 habuerit
406 1941 432 1971 B
472 1939 483 1983 11
523 1941 566 1973 10
593 1937 736 1973 debead
763 1941 816 1972 Aa
847 1939 859 1983 ΙΙ
890 1950 933 1974 ac
958 1940 1000 1974 tu
1026 1941 1107 1982 AB,
1140 1949 1231 1974 corr.
1259 1938 1318 1974 Ro
1342 1938 1354 1984 ΙΙ

65 1988 109 2020 11
134 1985 282 2029 patrem
307 1988 362 2019 Aa
386 1985 397 2030 ΙΙ
428 1985 693 2021 *benedictam
719 1987 800 2028 ΔΒ,
833 1987 930 2030 quod
954 1989 1046 2021 recte
1070 1986 1214 2031 quidem
1238 1997 1352 2021 emen-

62 2032 245 2068 daveraemt
280 2033 474 2074 editiones,
510 2033 572 2068 sed
608 2033 652 2067 in
687 2034 890 2078 marqinem
927 2034 1166 2069 reiiciendum
1204 2043 1274 2068 esse
1311 2036 1354 2068 ut

63 2079 206 2116 lectoris
237 2081 358 2116 nescio
392 2080 499 2115 cuius
530 2081 773 2124 approbantis
803 2084 927 2115 notam
961 2091 1037 2115 non
1061 2080 1318 2116 intellexerunt
1342 2086 1351 2119 ἢ

65 2130 108 2162 13
134 2126 434 2175 fastidiunt<ur>
462 2127 536 2162 Obr
554 2128 566 2172 ΙΙ
588 2130 632 2161 14
658 2126 861 2162 convicinis
885 2131 912 2161 P
931 2129 943 2173 ss
962 2128 1107 2163 sitietas
1133 2130 1203 2171 Aa,
1237 2127 1353 2163 socie-

62 2174 122 2210 tas
146 2176 174 2208 B
193 2175 206 2220 ΙΙ
227 2178 270 2210 15
297 2176 355 2211 est
375 2178 459 2219 post
484 2185 632 2210 necesse
658 2185 724 2209 om.
744 2177 771 2208 B
799 2175 810 2218 ΙΙ
840 2178 980 2210 15-17
1006 2174 1132 2223 <inter
1155 2186 1265 2220 pares
1290 2179 1353 2211 etc.

64 2240 106 2247 —
128 2221 338 2270 memoria>
357 2222 415 2257 Ro
434 2222 446 2266 11
468 2225 511 2257 17
538 2221 662 2257 adfret
679 2223 733 2255 Aa
751 2222 763 2266 ΙΙ
785 2225 827 2257 19
847 2222 1035 2258 flamen
1054 2225 1084 2256 Δ
1103 2223 1114 2267 ΙΙ
1134 2233 1244 2259 canes
1269 2225 1324 2256 Aa.
1342 2222 1354 2269 ΙΙ

63 2268 107 2302 ut
130 2278 196 2304 om.
222 2272 250 2303 Ρ
274 2271 286 2315 ΙΙ
311 2273 452 2305 21-23
481 2269 595 2315 [inter
619 2279 727 2314 pares
752 2269 1077 2316 eta—memoria]
1098 2269 1158 2306 Ro
1182 2270 1194 2315 ss
1218 2273 1265 2305 24
1293 2280 1354 2305 ex·

67 2314 176 2360 cepta
200 2320 226 2351 Ρ
244 2317 256 2362 ΙΙ
275 2321 321 2352 26
346 2316 439 2352 *sed
466 2319 530 2350 AB
550 2317 561 2360 Η
581 2319 721 2351 26-27
748 2316 798 2352 sit
821 2318 969 2352 amator
994 2320 1048 2351 Aa.
