1604 2488
174 773 218 804 10

173 1061 218 1094 15

176 1351 221 1382 20

176 1639 220 1671 25

176 1929 220 1960 30

244 113 329 154 136
723 113 836 156 QUIN
841 113 1020 149 TILIANI

652 217 1090 262 DECLAMATIO.

328 300 584 355 Priusquam
620 301 742 341 venio
781 301 833 342 ad
868 301 1206 344 aestimationem
1237 304 1423 346 criminis
1455 307 1501 346 et

243 358 458 413 propriam
482 357 626 399 iudicii
650 358 823 399 huiusce
851 373 1070 413 summam,
1100 373 1268 403 necesse
1289 361 1428 403 habeo
1452 363 1495 404 id

242 415 399 473 dicere,
439 415 548 469 quod
589 415 632 456 in
665 417 808 457 oculos
839 416 1166 471 uniuscuiusque
1195 420 1398 474 vestrum,
1434 420 1498 462 iu-

242 470 375 527 dices,
406 473 599 515 incurrit:
632 473 853 515 abdicatur
883 488 999 528 puer.
1058 475 1190 516 nolite
1220 476 1343 518 illum
1373 478 1502 519 aesti-

243 546 359 573 mare
391 546 440 573 ex
469 531 564 585 hoc,
595 531 706 586 quod
738 531 916 573 maritus
949 534 1029 587 est3
1061 532 1107 573 in
1138 547 1218 587 quo
1249 534 1354 576 illud
1377 549 1496 589 prae-

244 589 383 643 cipue,
414 589 590 640 iudices,
628 603 786 643 vereor,
816 604 869 631 ne
901 590 1010 644 apud
1042 590 1207 632 animos
1238 595 1399 634 vestros
1432 607 1500 634 su-

245 649 413 701 spectus
440 647 497 688 sit
526 647 797 701 inpudentiae
829 661 877 688 ac
907 647 1101 689 videatur
1125 648 1238 690 intra
1259 649 1338 691 hos
1363 664 1499 692 annos⁴

243 705 423 746 nimium
462 705 544 746 cito
575 705 713 746 virum
745 705 899 760 egisse:
937 719 1111 747 uxorem
1150 709 1272 759 pater
1302 707 1500 762 inpuberi

243 762 368 804 dedit.
435 763 534 816 quid
570 763 702 816 igitur
743 762 849 804 haec
893 765 1008 804 aetas
1052 764 1317 806 committere
1359 766 1500 819 potuit

241 822 364 862 tanta
410 820 771 862 animadversione
828 820 1032 875 dignum?
1103 821 1171 864 lex
1219 822 1500 865 abdicationis

244 878 444 920 adversus
468 877 672 919 ferociam
697 879 896 919 iuvenum
917 879 1150 921 constituta
1169 882 1244 921 est.
1274 880 1378 922 haec
1396 895 1501 922 vero

242 936 469 977 infirmitas
502 936 604 977 adeo
635 937 824 977 nocentis
856 950 1009 978 nomen
1038 951 1125 978 non
1154 938 1318 992 recipit,
1350 940 1399 979 ut
1427 938 1501 979 vix

242 994 420 1048 recipiat
450 994 699 1035 innocentis.

332 1050 376 1092 Si
401 1053 546 1092 tamen
570 1066 814 1106 perseveras
840 1051 1034 1093 abdicare
1056 1053 1272 1106 tamquam
1291 1052 1504 1107 iuvenem,

245 1112 456 1163 superest,
492 1112 540 1151 ut
583 1123 661 1164 ego
694 1123 859 1163 quoque
890 1111 1107 1163 tamquam
1137 1110 1330 1151 iuvenem
1361 1110 1498 1152 defen-

243 1167 351 1209 dam.
412 1166 553 1208 Vultis
596 1167 745 1222 igitur,
787 1167 964 1220 iudices,
1007 1167 1144 1208 dicam
1186 1167 1262 1208 illa
1304 1168 1505 1209 omnibus-

244 1225 331 1266 fere
363 1225 677 1266 abdicationum
702 1224 865 1266 iudiciis
891 1224 1066 1278 vulgata
1089 1238 1167 1278 pro
1192 1225 1356 1266 liberis:
1386 1239 1500 1267 »non

245 1296 323 1337 ego
360 1282 596 1324 luxuriatus
635 1297 745 1337 sum3
789 1296 874 1323 non
918 1295 996 1336 ego
1039 1282 1303 1324 meretricem
1343 1283 1507 1337 amavi;

245 1355 332 1382 non
367 1343 545 1394 paterna
580 1341 694 1382 bona
730 1340 844 1381 vitiis
881 1340 1181 1393 consumpsi?‹
1241 1338 1322 1382 Sed
1353 1340 1390 1382 si
1419 1339 1504 1382 hoc

244 1413 519 1453 proposuero,
543 1397 867 1452 respondebitur
892 1420 946 1426 ——
966 1399 1109 1451 potest
1130 1398 1242 1439 enim
1263 1413 1336 1439 -ε
1360 1398 1505 1452 „adul-

244 1459 370 1508 teros,
401 1457 550 1511 inquit,
579 1470 664 1497 non
696 1455 926 1497 occidisti.“

331 1513 535 1555 Dicamus
580 1517 623 1555 et
662 1516 882 1567 tamquam
918 1528 995 1567 pro
1033 1513 1204 1555 marito:
1246 1526 1333 1554 non
1367 1513 1505 1554 habes

244 1572 311 1612 ius
343 1571 568 1612 abdicandi
597 1573 772 1626 propter
801 1571 899 1624 hoc,
929 1571 1041 1624 quod
1071 1571 1139 1612 lex
1168 1570 1267 1612 huic
1295 1571 1506 1625 permisit.

246 1643 406 1685 vereor,
436 1643 490 1670 ne
520 1629 662 1671 risum.
682 1631 896 1670 mereatur
918 1628 1022 1670 haec
1048 1628 1233 1670 defensio
1258 1642 1365 1683 mea,
1394 1630 1503 1670 tam-

246 1701 373 1741 quam
412 1686 482 1728 hic
518 1686 771 1728 utrumlibet
805 1686 1006 1740 potuerit.
1067 1685 1140 1727 sed
1169 1686 1359 1739 potuerit
1389 1700 1504 1727 sane

246 1744 401 1787 marito
439 1744 517 1786 vel
563 1743 793 1786 occidere
829 1738 1130 1796 adulterum,
1173 1743 1250 1784 vel
1289 1746 1506 1796 accepta

244 1802 459 1868 pecunia
501 1801 764 1843 dimittere
801 1801 912 1843 licet.
971 1815 1058 1842 non
1094 1803 1217 1856 potes
1255 1802 1429 1854 propter
1449 1800 1505 1841 id

244 1860 384 1913 irasci,
416 1859 528 1914 quod
558 1860 652 1901 iura
679 1859 779 1901 huic
809 1859 1100 1913 permiserunt.
1151 1859 1350 1913 loquatur
1381 1859 1503 1899 mari-

245 1920 316 1959 tus
343 1932 438 1959 cum
464 1918 605 1959 animo
631 1932 719 1970 suo,
749 1917 951 1970 loquatur
977 1931 1070 1958 cum
1096 1916 1262 1958 adfectu
1287 1929 1376 1970 suo,
1407 1929 1505 1956 cum

244 1976 418 2030 propria
449 1975 578 2017 animi
611 1975 674 2017 sui
705 1977 871 2016 natura.
924 1975 959 2016 si
989 1977 1163 2028 propter
1192 1974 1273 2015 hoc
1303 1973 1403 2014 licet
1433 1973 1504 2014 ab-

339 2115 360 2146 3
386 2112 492 2147 huius
517 2114 543 2145 B
563 2113 575 2157 Ι]
594 2114 614 2146 5
638 2110 835 2146 incurrerit
858 2114 884 2145 B
908 2112 920 2155 ΙΙ
938 2110 1130 2146 addicatur
1152 2113 1183 2144 A
1200 2110 1212 2154 ss
1231 2113 1251 2144 9
1275 2108 1415 2162 inpub
1438 2111 1468 2142 A
1493 2110 1504 2154 Η

251 2162 294 2193 12
319 2158 443 2192 iuveni
467 2160 493 2191 B
513 2159 524 2202 ΙΙ
546 2161 587 2192 15
613 2156 784 2192 abdicere
809 2160 838 2190 A
857 2160 868 2203 ΙΙ
890 2161 931 2192 16
952 2157 1116 2202 superest
1133 2167 1167 2190 u.
1187 2166 1216 2190 e.
1238 2167 1271 2199 q
1289 2156 1315 2190 t.
1337 2155 1507 2190 iuvenem

247 2214 325 2240 om.
338 2207 364 2237 B
389 2205 402 2247 ss
427 2208 469 2239 17
495 2204 562 2238 illa
587 2203 707 2238 dicam
731 2203 870 2238 iudices
894 2206 921 2237 B
947 2205 958 2248 ΙΙ
985 2207 1027 2238 18
1051 2203 1146 2237 ferre
1170 2204 1232 2236 AB
1251 2203 1263 2247 ΙΙ
1282 2205 1326 2236 26
1351 2201 1415 2236 sed
1439 2211 1506 2246 Ρο-

247 2250 362 2286 tuerit
387 2261 452 2286 om.
479 2253 505 2283 B
525 2251 599 2294 1127
626 2249 803 2285 occiderit
827 2253 890 2283 AB
911 2251 985 2295 [128
1010 2250 1134 2294 potest
1158 2251 1187 2281 A
