1604 2488
459 76 888 115 DECLAMATIONES.
914 76 1133 113 CCCXXXI.
1352 76 1439 119 301

147 189 190 233 si
231 187 337 245 qnid
380 187 677 249 damnatione,
715 187 754 229 si
794 185 896 242 quid
931 185 1100 229 ultione
1138 185 1315 241 dignum
1354 200 1442 228 non

148 247 286 316 habet
329 247 397 291 ius
435 261 579 302 suum,
617 246 746 289 debet
782 245 909 289 iudex
951 245 1073 301 sequi
1107 245 1256 298 [debet
1299 245 1438 300 sequi]

149 306 407 364 proximum.
478 306 601 349 nulla
653 308 779 349 tanta
829 304 1104 361 providentia
1151 304 1297 360 potuit
1347 318 1442 348 esse

150 381 319 422 eorum,
369 366 443 422 qui
492 366 613 422 leges
663 365 999 421 componebant,
1046 366 1096 406 ut
1145 363 1311 419 species
1357 363 1439 406 cri-

149 426 316 469 minum
355 425 760 492 complecteremur.
819 439 922 467 nam
954 426 998 466 et
1036 437 1205 479 semper
1237 425 1438 466 caventes
1466 434 1486 466 5

149 485 345 541 nequitia
384 484 573 537 vicisset,
623 486 666 526 et
705 484 772 526 ius
815 483 879 526 ita
919 482 1147 538 multiplex
1189 485 1320 539 atque
1359 481 1439 525 dif-

147 544 298 588 fusum
341 546 478 599 esset,
527 547 576 587 ut
618 558 698 599 pro
742 543 906 586 incerto
950 542 1185 585 haberetur
1229 542 1441 598 ignotum.

149 603 348 647 fecerunt
378 617 501 659 ergo,
532 605 583 646 ut
612 617 755 646 rerum
787 616 948 658 genera
979 602 1367 658 complecterentur
1397 603 1442 643 et

151 665 400 719 spectarent
430 663 572 718 ipsam
603 663 879 719 aequitatem.
920 662 1058 704 multa
1090 675 1193 718 ergo
1221 661 1440 704 invenien-

151 724 225 765 tur
263 722 531 779 frequenter,
574 737 683 778 quae
724 722 871 778 legum
904 721 1048 764 verbis
1083 735 1172 764 non
1199 722 1445 776 teneantur,
1471 731 1514 764 10

154 781 230 824 sed
268 782 367 838 ipsa
405 781 450 824 vi
481 783 524 824 et
554 783 772 837 potestate
802 783 1051 837 teneantur3
1089 780 1217 836 quale
1248 780 1332 823 hoc
1364 782 1444 822 est.

153 854 255 884 sane
287 841 402 884 enim
432 841 664 884 concedam
694 841 741 883 in
771 840 1018 896 praesentia
1047 840 1151 894 tibi,
1190 854 1279 882 non
1309 839 1443 882 fuisse

151 899 263 943 illud
286 900 493 943 iudicium
518 900 692 955 capitis:
725 900 761 942 si
787 902 934 942 tamen
959 899 1141 942 eandem
1164 899 1253 941 vim
1272 898 1445 956 habuit,

152 973 284 1015 quam
331 959 538 1002 iudicium
587 959 761 1014 capitis,
816 958 996 1001 eandem
1044 972 1233 1013 poenam
1281 957 1443 1001 habere

152 1018 293 1061 debet.
324 1019 539 1074 fingamus
567 1019 682 1061 enim
707 1019 834 1074 plura
859 1032 952 1061 esse
979 1018 1154 1074 scelera,
1180 1018 1309 1060 sicuti
1329 1020 1443 1074 sunt,
1472 1027 1514 1060 15

151 1091 262 1133 quae
306 1080 445 1121 morte
488 1077 706 1133 punienda
750 1077 851 1120 sint.
921 1078 1011 1120 iam
1056 1091 1154 1119 cum
1197 1077 1266 1119 lex
1310 1077 1456 1120 etiam-

151 1150 261 1192 eum,
292 1137 367 1192 qui
396 1136 509 1180 falso
536 1137 814 1192 accusaverit,
847 1136 985 1180 occidi
1009 1136 1131 1191 velit,
1162 1135 1446 1179 manifestum

151 1196 227 1251 sit,
266 1195 548 1238 occidendum
585 1211 679 1239 esse
718 1210 837 1264 eum,
875 1196 948 1251 qui
984 1195 1155 1251 templa
1193 1195 1446 1251 incenderit,

151 1253 435 1298 occidendum
459 1269 553 1298 esse
579 1269 688 1311 eum,
720 1256 794 1311 qui
825 1255 1016 1310 patriam
1046 1254 1303 1310 prodiderit:
1339 1269 1444 1323 quo-

152 1313 282 1356 modo
318 1328 408 1357 non
453 1314 651 1369 interest,
695 1329 782 1370 qua
822 1315 919 1368 lege
963 1314 1119 1356 harum
1163 1315 1446 1370 accusaveris,
1470 1323 1516 1356 20

152 1369 381 1429 (quoniam
417 1373 461 1416 id
500 1373 672 1415 demum
708 1373 819 1428 iure,
857 1373 910 1416 de
943 1387 1028 1429 quo
1061 1375 1301 1429 quaeritur,
1333 1387 1447 1416 com-

151 1431 413 1488 prehensum
445 1435 529 1487 est,
566 1435 617 1475 ut
648 1432 722 1488 qui
754 1433 911 1487 capitis
943 1433 1229 1487 accusaverit,
1259 1446 1446 1488 poenam

151 1489 381 1548 patiatur),
411 1492 476 1534 ita
505 1491 616 1534 nihil
648 1492 847 1546 interest,
885 1491 1001 1547 quod
1032 1505 1168 1547 genus
1199 1491 1349 1534 iudicii
1380 1492 1445 1535 fu-

153 1550 253 1606 erit,
286 1551 324 1593 si
355 1553 535 1594 eventus
567 1551 718 1594 eodem
749 1550 967 1593 rediturus
998 1551 1154 1593 fuerat.
1216 1550 1332 1594 Num
1365 1551 1445 1608 igi-

153 1612 226 1652 tur
257 1609 436 1652 dubium
467 1612 546 1664 est,
578 1611 684 1666 quin
715 1610 798 1666 hic,
828 1624 908 1665 pro
940 1624 1025 1666 quo
1061 1610 1230 1666 loquor,
1262 1610 1300 1653 si
1332 1612 1447 1654 esset
1473 1621 1517 1653 25

152 1668 412 1712 iniuriarum
443 1669 574 1712 tertio
605 1669 847 1725 damnat-us,
878 1670 1097 1725 periturus
1128 1669 1289 1712 fuerit?
1324 1673 1447 1713 extra

154 1728 453 1784 quaestionem
486 1731 563 1772 est.
608 1729 711 1785 quid
743 1729 880 1797 ergo?
909 1743 995 1772 non
1024 1730 1173 1784 capitis
1202 1732 1447 1773 accusatum

154 1800 253 1830 eum
285 1788 522 1831 existimari
553 1791 740 1844 oportet,
773 1789 842 1831 cui
873 1788 1080 1832 damnato
1114 1788 1272 1845 capitis
1307 1803 1448 1857 poena

151 1846 368 1890 inminet?
410 1861 499 1890 non
528 1848 711 1914 pecunia
742 1848 1017 1902 multabitur,
1060 1862 1150 1891 non
1191 1848 1448 1904 ignominia,

152 1920 243 1948 non
285 1906 445 1949 damno
499 1906 604 1949 iuris
655 1907 851 1949 alicuius.
936 1882 1040 1962 qui'd
1095 1919 1200 1962 ergo
1250 1906 1447 1950 futurum
1472 1918 1518 1951 30

248 1990 270 2022 2
295 1986 469 2022 *iustum
495 1986 607 2022 debet
632 1989 716 2031 ΔΒ,
757 1986 871 2023 istum
895 1987 1009 2023 debet
1033 1991 1076 2030 P3
1113 1987 1189 2032 ius,
1220 1989 1302 2023 tum
1334 1988 1448 2024 debet

159 2033 234 2070 Obr
252 2035 265 2081 ΙΙ
285 2037 306 2070 3
333 2033 466 2080 [debet
491 2033 614 2081 sequi]
643 2014 719 2071 Obv’·
736 2035 749 2079 ss
769 2038 790 2070 8
817 2035 1155 2080 complectarentur
1180 2016 1210 2069 'A
1228 2036 1241 2081 fl
1262 2039 1303 2071 11
1333 2036 1398 2072 sed
1422 2036 1447 2073 i.

154 2093 189 2117 v.
217 2092 248 2117 e.
274 2094 311 2128 p.
336 2082 538 2117 teneantur
562 2092 628 2117 om.
640 2084 666 2115 B
686 2082 699 2127 [1
719 2086 763 2117 13
791 2093 822 2117 c.
849 2082 914 2117 sed
938 2084 965 2118 t.
991 2085 1017 2116 B
1037 2083 1049 2128 n
1070 2086 1114 2118 16
1140 2094 1228 2118 nam
1253 2086 1328 2128 ΔΒ,
1355 2094 1446 2120 corr.

154 2127 215 2165 Ro
244 2129 257 2174 ΙΙ
290 2132 334 2165 18
360 2129 418 2164 est
444 2131 527 2172 ΔΒ,
561 2139 651 2165 corr.
678 2129 737 2165 Ro
765 2130 778 2174 ΙΙ
808 2133 947 2165 18-19
973 2130 1091 2175 quit.
1118 2130 1142 2166 i.
1162 2141 1195 2166 0.
1216 2141 1247 2167 e.
1269 2142 1354 2167 eum
1379 2142 1446 2167 om.

155 2176 279 2221 31122
306 2177 504 2212 accusatur
527 2179 554 2210 Β
574 2176 586 2221 l}
613 2187 735 2212 accus,
759 2175 858 2224 <nec
882 2176 1145 2225 damnaverit>
1168 2177 1258 2225 Ron
1277 2182 1321 2215 23
1348 2178 1449 2226 quod

156 2222 296 2278 dignus
325 2223 374 2269 (ἓ)
401 2226 455 2258 Aa
490 2225 503 2270 ῃ
541 2227 586 2259 27
612 2224 731 2269 *quid
763 2228 877 2271 ergo?
903 2225 1124 2262 damnatum
1149 2235 1234 2262 eum
1245 2179 1323 2263 ΗΜ
1348 2229 1416 2261 ΔΒ
1437 2227 1447 2272 ΙΙ

157 2272 203 2305 30
226 2270 317 2307 iuris
342 2281 409 2308 om.
436 2273 462 2305 Β
