1586 2476
486 58 912 96 DECLAMATIONES.
939 59 1109 97 CCLXH.
1378 60 1430 102 71

143 171 305 223 servet,
346 171 436 212 tam
476 169 721 225 perditurus
761 169 903 212 aliena
933 169 1122 224 luxuria,
1165 183 1295 225 quam
1327 170 1434 212 sua?

21 243 25 247 ⁷
82 251 98 270 ι
141 243 220 272 cur
251 228 364 271 enim
395 243 484 271 non
517 229 697 284 quisque
730 228 964 271 abutatur?

233 286 354 330 Haec
397 287 449 330 de
492 287 590 343 ipsa
626 288 722 343 lege
759 287 919 330 dixisse
957 287 1064 330 satis
1106 291 1217 343 erat,
1266 291 1435 332 remota

142 349 390 403 temporum
437 347 759 390 aestimatione:
803 361 915 389 nunc
956 347 1197 402 videamus,
1229 347 1334 403 quid
1367 348 1481 451 sit,5

143 409 322 462 propter
354 406 469 463 quod
500 410 702 462 ponatur.
763 405 1053 462 „Frequentes
1085 407 1264 462 tyranni
1297 411 1410 450 sunt
1412 407 1435 428 “

143 464 357 521 Primum,
415 481 544 521 quam
588 466 783 522 iniquum
826 468 910 520 est,
964 465 1060 509 ideo
1106 466 1218 521 quod
1264 420 1481 522 aliquos5

73 556 85 566 .
142 525 364 580 improbos
402 525 585 580 habeas,
623 525 718 568 exui
757 525 1035 581 patrimoniis
1077 526 1270 580 paternis
1302 529 1432 582 atque

140 584 272 630 avitis
330 599 402 627 eos
460 584 611 637 etiam,
673 599 777 640 quos
834 585 972 627 bonos
1024 599 1117 627 esse
1168 586 1282 628 cives
1333 600 1432 628 con-

143 643 308 686 stabit?
369 658 471 686 nam
521 644 558 686 si
606 643 878 699 tyrannidem
932 644 1155 687 timemus:
1206 648 1302 687 erat
1354 645 1434 687 ali-

141 705 308 759 quanto
342 702 521 758 aequius
553 703 599 745 in
631 718 837 758 personas
867 718 1028 758 eorum,
1058 704 1133 760 qui
1160 707 1340 759 possent
1371 703 1434 746 rei
1463 717 1506 749 10

140 762 343 818 publicae
379 777 473 805 esse
505 763 712 818 suspecti,
756 763 887 819 dirigi
919 763 1133 818 actiones,
1172 778 1302 819 quam
1334 778 1434 819 poe·

141 836 244 864 nam
277 836 370 864 esse
402 822 622 877 publicam
655 825 795 865 metus
827 820 896 877 (ut
928 822 1090 879 dicitis)
1117 822 1290 878 publici.
1345 822 1433 865 Ad-

140 881 221 935 ice,
253 880 367 937 quod
397 896 452 924 ne
483 881 716 937 praecipua
754 882 926 938 quidem
964 895 1095 924 causa
1121 885 1187 925 est
1212 882 1433 925 adfectan-

142 939 222 982 dae
251 939 496 995 tyrannidis
528 940 782 997 magnitudo
814 941 1086 984 facultatum.
1149 941 1254 997 quin
1285 956 1336 984 ex
1369 941 1430 983 di-

141 1013 266 1042 verso
309 998 483 1042 facilius
528 999 746 1055 aliquanto
799 1001 1103 1056 occupaverint
1152 1000 1428 1056 tyrannidem
1460 1013 1503 1045 15

140 1055 206 1114 hi,
251 1073 435 1114 quorum
471 1059 614 1102 fracta
649 1060 782 1114 ratio,
826 1074 1009 1116 quorum
1054 1060 1205 1103 clauda
1243 1061 1431 1114 fortuna,

142 1119 186 1160 et
225 1118 299 1173 qui
330 1121 447 1161 stare
477 1133 525 1161 re
556 1119 731 1174 publica
763 1119 884 1162 salva
914 1133 1002 1162 non
1032 1123 1230 1175 possunt.
1279 1119 1433 1163 deinde

141 1175 252 1220 adeo
289 1192 380 1220 non
415 1177 624 1221 inhibetis
662 1178 747 1221 ista
783 1193 829 1221 re
867 1178 1165 1234 tyrannidem,
1209 1182 1257 1221 ut
1289 1180 1326 1221 si
1360 1179 1432 1234 qui

141 1235 189 1278 in
228 1236 404 1279 civitate
447 1240 600 1280 nostra
647 1237 869 1280 dementes
915 1241 1034 1293 sunt,
1079 1239 1211 1281 etiam
1257 1253 1432 1281 causam

139 1293 339 1339 habituri
375 1297 463 1339 sint
501 1296 777 1339 adfectandae
815 1271 1069 1352 tyrannidis.
1130 1313 1232 1340 nam
1265 1298 1302 1340 si
1335 1298 1430 1353 quis
1459 1310 1504 1342 20

141 1355 416 1409 tyrannidem
437 1360 629 1411 occupat,
648 1359 696 1398 ut
716 1356 857 1399 aliena
877 1357 992 1399 bona
1011 1356 1247 1412 possideat,
1268 1360 1431 1413 quanto

141 1412 315 1456 facilius
354 1414 408 1456 ad
444 1415 723 1470 tyrannidem
759 1416 1000 1472 perveniet,
1036 1419 1086 1458 ut
1124 1430 1201 1459 sua
1233 1416 1436 1471 vindicet,

143 1486 224 1515 sua
255 1473 473 1529 recipiat?

670 1591 902 1636 ccnxn.

459 1674 662 1718 Maritus
695 1675 902 1729 virginis
933 1670 1118 1732 raptor.
1461 1665 1506 1698 25

143 1757 325 1814 Imus‘rx
362 1770 554 1802 REPUDn
586 1771 655 1802 sn=
687 1770 844 1803 Aemo.
907 1760 992 1811 Qui
1023 1761 1214 1803 habebat
1247 1775 1436 1817 uxorem,

262 1818 408 1873 rapuit
446 1818 673 1875 virginem.
741 1820 918 1875 nuptias
957 1823 1084 1876 rapta
1123 1820 1312 1876 optavit3
1360 1821 1436 1863 ille

265 1876 510 1933 repudiavit
541 1892 736 1921 uxorem:
772 1879 867 1935 agit
897 1879 974 1922 illa
1005 1880 1157 1922 iniusti
1190 1879 1370 1935 repudii.

241 2032 261 2064 2
289 2013 450 2075 quisq?
481 2030 493 2075 ΙΙ
524 2033 546 2064 4
572 2029 848 2067 existimatione
874 2035 900 2065 P
925 2033 936 2076 Η
966 2036 985 2068 7
1013 2043 1056 2067 ex
1082 2032 1157 2068 suis
1184 2034 1280 2078 patr.
1307 2036 1334 2066 Β
1353 2035 1365 2079 ΙΙ
1394 2037 1437 2068 14

140 2075 382 2112 facultatium
408 2079 462 2111 Aa
494 2078 505 2122 ΙΙ
537 2077 692 2113 adverso
720 2077 768 2123 (ἓ)
796 2077 854 2115 Ro
884 2080 895 2123 ΙΙ
929 2083 972 2115 15
998 2079 1202 2124 aliquando
1229 2082 1310 2124 ΔΒ,
1344 2091 1437 2116 corr.

145 2130 215 2171 Sch
239 2137 251 2182 fl
274 2139 314 2172 17
342 2136 422 2182 reip
447 2139 488 2179 Δ,
514 2136 552 2171 in
578 2136 770 2182 republica
794 2138 821 2171 B
846 2139 858 2182 ΙΙ
887 2138 1086 2185 *[de]inde
1112 2137 1161 2184 (.9)
1186 2140 1198 2184 ΙΙ
1229 2143 1271 2175 18
1298 2109 1439 2176 instare

144 2184 172 2216 Β
192 2185 204 2229 ss
223 2186 269 2219 20
295 2183 344 2218 st'
378 2185 439 2228 (=
459 2164 558 2230 simt)
584 2186 611 2218 B
631 2185 642 2229 ss
662 2184 726 2228 qui
752 2187 782 2218 A
800 2186 811 2231 ΙΙ
831 2189 876 2221 26
903 2186 1072 2233 uxorem]
1100 2186 1243 2233 virgine
1269 2189 1296 2220 Β
