1604 2488
261 96 347 138 310
645 98 650 104 '
723 95 1025 148 QUINTILIANI

261 202 363 257 quid
396 201 579 255 servavi,
617 201 819 256 quidquid
855 202 1008 257 longae
1039 202 1337 258 frugalitati[s]
1370 217 1515 258 super-

259 261 358 315 fuit3
409 259 689 301 accessissent
736 260 835 301 huic
875 262 1131 302 testamento
1180 261 1345 303 subitae
1395 275 1516 316 opes:

259 317 373 359 idem
405 319 507 359 erat.
554 331 688 372 neque
720 331 798 372 ego
829 332 942 359 nunc
973 317 1144 360 divitias
1175 321 1291 373 peto:
1333 333 1515 374 pauper-

259 377 349 416 tate
388 376 605 429 consuevi,
646 375 874 430 frugaliter
916 375 1058 417 vivere
1102 376 1207 430 scio,
1248 376 1366 418 nulla
1406 376 1514 418 mihi
1553 395 1558 406 .

214 443 234 474 5
260 433 402 487 gravis
427 434 658 476 necessitas
679 436 754 475 est.
789 434 922 487 illum,
946 434 1068 475 illum
1086 434 1260 476 titulum
1280 435 1515 489 amplector

259 491 449 533 omnium
479 492 700 533 bonorum.

347 547 392 590 Si
417 549 518 603 quid
542 549 668 591 inferi
693 549 898 591 sentiunt:
923 563 1130 604 cognosce
1157 549 1343 592 animum
1363 563 1517 602 meum,

259 606 368 648 sicut
403 607 595 649 voluisti:
643 607 724 648 tibi
761 607 864 661 vixi,
906 607 988 648 tibi
1024 608 1256 649 moriturus
1286 607 1367 661 fui,
1407 607 1517 648 nulli

260 664 333 706 alii
363 665 408 706 in
438 665 519 706 hoc
550 667 720 719 pectore
750 665 869 706 locus
900 665 994 706 fuit.
1041 665 1124 707 hoc
1153 668 1196 707 te
1222 665 1411 707 omnium
1441 665 1517 706 bo-

189 732 233 764 10
257 736 407 764 norum
445 737 637 764 meorum
673 723 870 764 heredem
906 723 1145 776 institui[t].
1201 725 1298 778 post
1338 723 1419 765 hoc
1455 725 1517 764 te·

259 782 519 822 stamentum
551 781 663 823 dicat
695 781 850 835 aliquis
882 795 926 822 se
956 781 1119 823 mereri.

717 930 1064 973 CCCXXXIII.

449 1011 633 1066 Pauper
664 1012 874 1065 inpensis
906 1011 1070 1054 divitis
1102 1010 1325 1054 disertus.

257 1093 517 1135 PATRONUM
557 1104 734 1134 OPTARE
776 1104 956 1134 LICEAT.
1015 1092 1212 1133 INGRATI
1256 1103 1326 1134 st'r
1367 1102 1519 1135 Ac'mo.

188 1161 231 1192 15
376 1151 702 1192 Adulescentem
728 1150 843 1191 dives
868 1163 1095 1204 pauperem
1121 1149 1308 1203 inpensis
1336 1150 1422 1191 suis
1439 1149 1518 1203 [in]

377 1208 571 1249 Athenas
604 1208 733 1249 misit.
781 1207 908 1248 rediit
938 1207 1012 1248 ille
1038 1207 1232 1249 disertus.
1281 1206 1437 1249 detulit
1462 1207 1522 1248 di-

375 1267 505 1307 vitem
538 1265 710 1320 quidam
740 1279 860 1307 reum
891 1265 1146 1319 proditionis
1179 1267 1222 1306 et
1252 1265 1416 1320 optavit
1445 1279 1521 1320 pa-

375 1326 546 1366 tronum
582 1337 811 1378 pauperem
856 1323 995 1376 illum,
1040 1322 1112 1376 qui
1149 1322 1292 1364 divitis
1330 1322 1519 1377 inpensis

375 1382 621 1436 profecerat.
666 1382 755 1436 egit
779 1395 951 1436 pauper.
994 1395 1080 1422 non
1103 1380 1254 1422 tenuit.
1299 1383 1521 1423 accusatur

188 1451 233 1483 20
378 1455 403 1481 a
434 1440 563 1482 divite
594 1439 764 1495 ingrati.

775 1552 1001 1597 SERMO.

347 1637 607 1691 Intellegitis
651 1636 750 1677 huic
795 1635 1052 1676 adulescenti
1102 1647 1196 1675 cum
1245 1648 1409 1675 summo
1458 1648 1522 1675 re-

261 1697 408 1750 spectu
440 1695 583 1735 divitis
616 1693 836 1748 agendum.
891 1693 952 1733 ita
977 1692 1146 1733 demum
1171 1692 1284 1733 enim
1308 1691 1522 1733 videbitur

260 1753 321 1807 id,
362 1752 474 1807 quod
509 1751 629 1805 fecit,
670 1751 922 1793 necessitate
960 1749 1127 1802 fecisse,
1168 1749 1205 1790 si
1237 1748 1286 1789 de
1317 1748 1392 1790 illa
1423 1763 1522 1803 que-

192 1822 235 1854 25
261 1813 389 1853 retur.

349 1868 408 1910 Et
447 1869 492 1909 in
530 1869 669 1909 totum
710 1867 790 1908 hoc
832 1879 999 1907 servare
1038 1865 1084 1905 in
1122 1864 1316 1906 omnibus
1355 1866 1522 1906 contro-

263 1927 432 1980 versiis,
477 1940 583 1980 quae
613 1925 774 1980 ingrati
803 1925 897 1978 lege
929 1923 1220 1975 continentur,
1263 1922 1521 1975 debebimus,

264 1987 313 2026 ut
337 1985 394 2038 hi,
425 1985 496 2038 qui
521 1984 583 2025 rei
610 1985 718 2036 sunt,
749 1982 794 2023 in
818 1983 912 2035 ipsa
938 1981 1104 2023 actione
1130 1980 1288 2035 ingrati
1312 1994 1398 2021 non
1423 1980 1520 2020 sint.

360 2102 378 2132 1
405 2097 620 2142 fragilitatis
645 2099 685 2140 A,
710 2095 935 2141 frugalitatis
959 2098 999 2138 B,
1024 2105 1112 2130 corr.
1141 2092 1195 2128 Gr
1212 2094 1224 2138 11
1243 2097 1264 2128 4
1289 2092 1523 2128 consuevi

264 2148 294 2179 A
312 2146 324 2191 ΙΙ
343 2148 363 2179 5
388 2144 494 2179 illum
519 2155 583 2180 om.
604 2147 630 2177 P
647 2145 660 2188 ΙΙ
680 2147 722 2178 10
748 2142 942 2187 institui[t]
962 2141 1019 2176 Ro
1037 2141 1048 2184 ΙΙ
1070 2144 1110 2175 13
1131 2138 1290 2186 divitissss
1309 2141 1338 2173 A
1356 2140 1368 2184 ΙΙ
1388 2142 1431 2174 15
1456 2139 1523 2174 in-

263 2202 373 2237 pens
398 2193 428 2224 A
452 2191 463 2235 ΙΙ
489 2190 654 2236 expensis
679 2192 704 2223 B
730 2190 740 2233 ΙΙ
759 2189 874 2235 *[in];
907 2189 947 2223 in
971 2185 1146 2233 (studia)
1172 2186 1226 2221 Gr
1242 2187 1255 2230 ΙΙ
1275 2189 1317 2220 16
1342 2185 1439 2220 redit
1463 2188 1493 2219 A
1510 2186 1523 2231 Η

265 2242 311 2273 24
334 2238 359 2273 f.
387 2248 424 2272 se
449 2237 495 2272 de
519 2240 545 2271 B
565 2238 830 2283 ”quaereretur
855 2238 884 2268 A
