1604 2488
467 108 897 146 DECLAMATIONES.
923 109 1130 146 CCLXVII.
1373 108 1428 151 91

144 220 239 275 deo,
271 220 501 262 succurrit:
532 219 633 262 inde
665 219 746 262 has
778 218 1043 261 inimicitias.
1075 233 1170 260 sero
1197 233 1277 273 me,
1309 233 1431 262 accu-

146 281 326 334 satores,
357 278 713 334 deprehendistis.
746 281 956 334 quantum
976 292 1044 320 me
1063 279 1229 333 putatis
1250 279 1432 330 flevisse,

147 340 379 394 antequam
412 337 743 381 descenderem?
774 337 900 380 istius
934 337 1049 379 enim
1081 337 1276 380 adfectus
1305 352 1432 394 argu-

77 405 80 407 ’
144 400 341 441 mentum
371 398 580 440 lacrimae
603 397 779 440 habent.
823 399 1012 439 ceterum
1038 396 1255 440 adfectare
1280 400 1432 453 tyran-

146 456 292 500 nidem
324 457 541 512 sperantis
574 460 657 511 est,
689 457 912 499 erectioris
946 456 1080 498 animi
1112 460 1214 499 sunt
1239 457 1325 499 ista
1352 457 1433 500 cri-
1458 468 1479 499 5

145 516 282 571 mina,
312 516 439 559 fletus
471 516 661 569 remissi,
693 515 883 572 fatigati.
939 518 988 557 tu
1020 516 1062 558 id
1095 515 1204 558 mihi
1236 517 1430 559 criminis

147 576 238 619 eius
278 578 584 632 argumentum
621 576 687 618 vis
725 575 878 630 videri,
916 575 1038 618 cuius
1076 575 1322 630 desperatio
1354 579 1431 618 est.

145 650 307 691 quaero
341 636 455 677 enim
488 649 540 677 ex
571 638 627 690 te,
659 635 772 677 unde
804 635 937 677 istum
963 634 1114 677 fletum
1139 635 1296 691 putes?
1328 650 1431 678 nam

143 695 182 737 si
219 694 406 750 adfecto,
450 695 488 737 si
525 709 667 751 spero,
713 694 751 737 si
787 694 1028 737 rediturum
1065 709 1133 736 me
1173 694 1227 736 ad
1267 709 1334 748 ea,
1379 709 1431 736 ex

142 754 300 810 quibus
332 754 497 796 invitus
524 753 828 807 descenderim,
858 757 983 809 puto:
1015 768 1124 809 quae
1150 768 1280 796 causa
1306 754 1431 796 lacri-
1460 765 1502 797 10

142 828 312 856 marum
345 813 440 856 est?
478 813 516 855 si
547 828 649 856 vero
681 813 764 855 hoc
796 816 881 867 est,
914 813 1026 869 quod
1062 814 1255 855 animum
1286 827 1431 855 meum

142 874 362 928 torqueat,
406 872 520 928 quod
554 887 605 915 ex
636 872 715 914 illo
748 872 930 927 fastigio
963 872 1275 926 descenderim,
1317 873 1431 927 quod

144 946 197 974 ex
229 946 365 992 aequo
397 932 559 987 vivam,
592 932 808 987 quomodo
841 931 1059 974 adfectare
1090 947 1281 987 possum,
1314 931 1430 987 quod

141 991 231 1034 scio
263 990 373 1033 mihi
403 1005 494 1033 non
523 1005 652 1046 posse
684 991 966 1045 contingere?

229 1049 396 1093 Eodem
428 1051 677 1100 revolvatur
709 1050 848 1093 oratio
879 1065 1054 1092 necesse
1087 1053 1164 1104 est,
1196 1050 1307 1093 unde
1334 1065 1429 1094 coe·
1458 1062 1501 1094 15

87 1127 93 1134 ·
139 1109 216 1165 pit.
279 1123 359 1166 ego
391 1109 609 1165 publicam
642 1109 814 1166 appello
846 1109 997 1165 fidem¹,
1029 1125 1138 1166 quae
1169 1111 1286 1153 inter
1315 1111 1431 1166 pira-

140 1171 209 1211 tas
241 1183 365 1212 sacra
403 1171 488 1224 est,
526 1184 637 1225 quae
674 1169 789 1212 inter
828 1172 1019 1212 armatos
1051 1170 1201 1213 hostes
1233 1169 1429 1212 inducias

140 1228 266 1283 facit,
316 1242 424 1284 quae
477 1228 719 1271 deditarum
769 1229 995 1271 civitatum
1044 1229 1140 1271 iura
1189 1232 1430 1272 conservat.

142 1288 454 1344 qualecumque
480 1288 597 1330 istud
623 1291 707 1330 est:
747 1289 1029 1344 promisistis,
1062 1289 1303 1331 censuistis.
1366 1288 1430 1330 Ac

142 1346 194 1389 de
231 1362 300 1389 me
339 1347 511 1403 quidem
551 1347 674 1389 nihil.
736 1347 843 1390 mihi
882 1348 997 1389 enim
1036 1347 1123 1390 iam
1160 1348 1307 1390 taedio
1339 1347 1431 1390 vita
1456 1358 1501 1390 20

141 1409 225 1459 est,
268 1406 442 1462 iamque
486 1406 568 1449 hae
612 1406 820 1449 lacrimae
864 1407 1108 1449 cotidianae
1154 1410 1429 1450 accesserunt

141 1479 276 1522 prope
309 1465 366 1507 ad
396 1468 500 1508 vota
531 1466 702 1508 mortis:
745 1465 855 1508 illud
886 1466 1047 1521 videte,
1080 1481 1135 1509 an
1167 1467 1205 1509 si
1238 1467 1428 1523 aliquem

142 1524 247 1579 <in>
285 1525 383 1578 re[i]
423 1525 659 1580 publica[e]
700 1540 820 1568 error
860 1528 936 1568 aut
979 1526 1174 1581 fortuna,
1219 1526 1258 1568 si
1302 1524 1428 1582 que'm

142 1586 218 1626 aut
255 1584 482 1627 consilium
519 1585 693 1640 aliquod
732 1588 807 1627 aut
844 1585 1069 1628 temeritas
1103 1585 1272 1641 luserit,
1317 1585 1427 1627 detis

140 1643 283 1686 locum
326 1643 636 1699 paenitentiae,
679 1644 948 1700 permittatis
996 1645 1236 1700 emendari,
1281 1644 1425 1688 velitis
1452 1655 1499 1687 25

141 1702 342 1746 meliores
374 1703 468 1745 fieri
498 1704 624 1746 cives.

238 1823 255 1854 1
284 1822 502 1856 succurrunt
526 1823 572 1866 Β,
600 1823 861 1857 succurrerunt
886 1826 909 1856 c
941 1822 952 1866 ΙΙ
982 1821 1070 1858 inde
1102 1822 1172 1858 hae
1204 1821 1428 1858 inimicitiae

137 1869 165 1901 Β
183 1868 197 1913 n
215 1877 296 1903 sero
322 1878 382 1903 me
407 1868 545 1915 accus]
583 1868 710 1904 Sermo
744 1870 870 1914 (rubro
903 1870 1019 1905 colore
1049 1871 1251 1915 scriptum).
1297 1868 1428 1905 Aecus.

137 1917 179 1958 Β,
205 1925 325 1950 sermo
351 1915 483 1951 Aecus.
512 1919 534 1949 c
554 1917 565 1962 ΙΙ
591 1920 611 1951 2
639 1916 887 1964 deprehendis
914 1920 944 1951 A
969 1918 980 1962 ss
1006 1921 1028 1952 4
1054 1917 1228 1953 affectate
1256 1919 1395 1951 AB-l’
1419 1917 1431 1963 Η

139 1965 161 1997 5
187 1963 244 1998 est
268 1973 334 1999 om.
360 1966 387 1997 B
406 1964 418 2009 ss
438 1967 458 1998 6
483 1963 612 1999 remisi
636 1966 700 1998 AB
720 1965 731 2009 ΙΙ
752 1968 771 1999 7
798 1963 856 1999 ius
882 1975 960 2010 arg.
987 1964 1044 1999 vis
1070 1968 1116 2009 P;
1143 1965 1186 2000 tu
1210 1965 1250 2000 in
1275 1975 1335 1999 me
1362 1963 1430 2000 cri-

138 2008 249 2045 minis
289 2009 346 2045 vis
385 2012 650 2056 argumentum
687 2011 728 2045 id
765 2010 901 2056 videri,
941 2012 1042 2057 quod
1073 2012 1346 2058 desperationis
1373 2014 1431 2047 est

140 2055 196 2093 Gr
214 2058 226 2103 ΙΙ
248 2061 290 2093 13
316 2068 468 2103 possum
492 2069 559 2094 om.
585 2062 612 2093 B
644 2061 655 2104 ΙΙ
689 2063 731 2094 19
758 2070 809 2094 an
833 2058 1095 2095 *consensistis
1114 2059 1164 2105 (ἓ)
1184 2061 1195 2106 ΙΙ
1216 2070 1259 2095 ac
1285 2059 1352 2096 om.
1379 2062 1405 2093 Β
1421 2060 1429 2105 j}

137 2107 182 2141 23
208 2104 306 2152 *<in
332 2104 638 2153 oppressionem>
663 2106 719 2142 rei
742 2118 779 2152 p.
796 2135 803 2144 .
820 2135 827 2143 .
842 2107 987 2143 miserit
1007 2107 1055 2152 (2)
1074 2107 1220 2161 11³⁸<in>
1245 2107 1333 2154 re[i]
1361 2119 1431 2152 pu-

137 2151 293 2235 blica[el]
313 2153 325 2198 ss
345 2157 391 2188 24
415 2153 561 2189 miserit
586 2157 692 2198 ABG,
718 2165 810 2191 corr.
828 2154 888 2190 Ro
907 2156 918 2201 ΙΙ
938 2159 982 2190 25
1009 2156 1202 2201 potentlae
1226 2159 1254 2190 Β
1273 2156 1285 2200 ΙΙ
1304 2154 1430 2191 velitis

136 2209 183 2234 ne
208 2211 268 2236 me
286 2229 294 2236 .
313 2203 341 2235 B
