<?xml version="1.0" encoding="UTF-8"?>
<!DOCTYPE html PUBLIC "-//W3C//DTD XHTML 1.0 Transitional//EN"
    "http://www.w3.org/TR/xhtml1/DTD/xhtml1-transitional.dtd">
<html xmlns="http://www.w3.org/1999/xhtml" xml:lang="en" lang="en">
 <head>
  <title>
</title>
<meta http-equiv="Content-Type" content="text/html;charset=utf-8" />
  <meta name='ocr-system' content='tesseract 3.04.00' />
  <meta name='ocr-capabilities' content='ocr_page ocr_carea ocr_par ocr_line ocrx_word'/>
</head>
<body>
  <div class='ocr_page' id='page_1' title='image "./declamationesqua00quinuoft_0230.png"; bbox 0 0 1604 2488; ppageno 0'>
   <div class='ocr_carea' id='block_1_1' title="bbox 272 100 1050 145">
    <p class='ocr_par' dir='ltr' id='par_1_1' title="bbox 272 100 1050 145">
     <span class='ocr_line' id='line_1_1' title="bbox 272 100 1050 145; baseline -0.001 -5"><span class='ocrx_word' id='word_1_1' title='bbox 272 100 355 141; x_wconf 88' lang='grc'>194</span> <span class='ocrx_word' id='word_1_2' title='bbox 751 102 865 145; x_wconf 82' lang='lat' dir='ltr'>QUIN</span> <span class='ocrx_word' id='word_1_3' title='bbox 869 103 1031 140; x_wconf 85' lang='lat' dir='ltr'><strong>TILIAN</strong></span> <span class='ocrx_word' id='word_1_4' title='bbox 1034 104 1050 139; x_wconf 92' lang='lat' dir='ltr'>I</span> 
     </span>
    </p>
   </div>
   <div class='ocr_carea' id='block_1_2' title="bbox 220 206 1527 552">
    <p class='ocr_par' dir='ltr' id='par_1_2' title="bbox 220 206 1527 552">
     <span class='ocr_line' id='line_1_2' title="bbox 267 206 1527 264; baseline 0.006 -17"><span class='ocrx_word' id='word_1_5' title='bbox 267 206 454 248; x_wconf 88' lang='lat' dir='ltr'>furorem</span> <span class='ocrx_word' id='word_1_6' title='bbox 503 207 584 249; x_wconf 89' lang='lat' dir='ltr'>hoc</span> <span class='ocrx_word' id='word_1_7' title='bbox 627 208 789 250; x_wconf 87' lang='lat' dir='ltr'>iuvenis</span> <span class='ocrx_word' id='word_1_8' title='bbox 839 211 923 251; x_wconf 89' lang='lat' dir='ltr'>mei</span> <span class='ocrx_word' id='word_1_9' title='bbox 965 211 1191 264; x_wconf 89' lang='lat' dir='ltr'>putabam:</span> <span class='ocrx_word' id='word_1_10' title='bbox 1232 211 1386 254; x_wconf 88' lang='lat' dir='ltr'>fiducia</span> <span class='ocrx_word' id='word_1_11' title='bbox 1425 215 1527 255; x_wconf 88' lang='lat' dir='ltr'>erat.</span> 
     </span>
     <span class='ocr_line' id='line_1_3' title="bbox 267 265 1527 324; baseline 0.006 -19"><span class='ocrx_word' id='word_1_12' title='bbox 267 265 452 306; x_wconf 88' lang='lat' dir='ltr'>multum</span> <span class='ocrx_word' id='word_1_13' title='bbox 479 268 559 319; x_wconf 88' lang='lat' dir='ltr'>est,</span> <span class='ocrx_word' id='word_1_14' title='bbox 598 265 732 321; x_wconf 87' lang='lat' dir='ltr'>dives,</span> <span class='ocrx_word' id='word_1_15' title='bbox 764 268 901 309; x_wconf 86' lang='lat' dir='ltr'>colere</span> <span class='ocrx_word' id='word_1_16' title='bbox 931 269 1108 323; x_wconf 84' lang='lat' dir='ltr'>templa:</span> <span class='ocrx_word' id='word_1_17' title='bbox 1146 269 1241 324; x_wconf 85' lang='lat' dir='ltr'>plus</span> <span class='ocrx_word' id='word_1_18' title='bbox 1269 274 1417 312; x_wconf 82' lang='lat' dir='ltr'>tamen</span> <span class='ocrx_word' id='word_1_19' title='bbox 1449 285 1527 312; x_wconf 84' lang='lat' dir='ltr'>sua</span> 
     </span>
     <span class='ocr_line' id='line_1_4' title="bbox 267 323 1524 384; baseline 0.006 -21"><span class='ocrx_word' id='word_1_20' title='bbox 267 324 391 376; x_wconf 77' lang='lat' dir='ltr'>tueri,</span> <span class='ocrx_word' id='word_1_21' title='bbox 417 323 641 366; x_wconf 84' lang='lat' dir='ltr'>incendere</span> <span class='ocrx_word' id='word_1_22' title='bbox 665 324 857 367; x_wconf 84' lang='lat' dir='ltr'>hostium</span> <span class='ocrx_word' id='word_1_23' title='bbox 881 326 1055 380; x_wconf 89' lang='lat' dir='ltr'>templa.</span> <span class='ocrx_word' id='word_1_24' title='bbox 1093 341 1166 368; x_wconf 87' lang='lat' dir='ltr'>our</span> <span class='ocrx_word' id='word_1_25' title='bbox 1191 328 1316 382; x_wconf 89' lang='lat' dir='ltr'>enim,</span> <span class='ocrx_word' id='word_1_26' title='bbox 1343 328 1380 370; x_wconf 87' lang='lat' dir='ltr'>si</span> <span class='ocrx_word' id='word_1_27' title='bbox 1406 329 1524 384; x_wconf 87' lang='lat' dir='ltr'>quid-</span> 
     </span>
     <span class='ocr_line' id='line_1_5' title="bbox 268 383 1524 438; baseline 0.006 -18"><span class='ocrx_word' id='word_1_28' title='bbox 268 394 397 433; x_wconf 86' lang='lat' dir='ltr'>quam</span> <span class='ocrx_word' id='word_1_29' title='bbox 422 383 498 422; x_wconf 89' lang='lat' dir='ltr'>tua</span> <span class='ocrx_word' id='word_1_30' title='bbox 522 384 624 423; x_wconf 90' lang='lat' dir='ltr'>vota</span> <span class='ocrx_word' id='word_1_31' title='bbox 642 383 882 438; x_wconf 88' lang='lat' dir='ltr'>proficiunt,</span> <span class='ocrx_word' id='word_1_32' title='bbox 913 384 1042 426; x_wconf 85' lang='lat' dir='ltr'>cliens</span> <span class='ocrx_word' id='word_1_33' title='bbox 1062 386 1160 427; x_wconf 87' lang='lat' dir='ltr'>tuus</span> <span class='ocrx_word' id='word_1_34' title='bbox 1180 385 1392 428; x_wconf 76' lang='lat' dir='ltr'>deseruit?</span> <span class='ocrx_word' id='word_1_35' title='bbox 1417 386 1524 427; x_wconf 83' lang='lat' dir='ltr'>mihi</span> 
     </span>
     <span class='ocr_line' id='line_1_6' title="bbox 220 437 1526 496; baseline 0.006 -18"><span class='ocrx_word' id='word_1_36' title='bbox 220 447 240 478; x_wconf 92' lang='lat'>5</span> <span class='ocrx_word' id='word_1_37' title='bbox 267 437 445 480; x_wconf 87' lang='lat' dir='ltr'>debetur</span> <span class='ocrx_word' id='word_1_38' title='bbox 482 441 718 494; x_wconf 89' lang='lat' dir='ltr'>praemium</span> <span class='ocrx_word' id='word_1_39' title='bbox 756 442 867 496; x_wconf 89' lang='lat' dir='ltr'>quod</span> <span class='ocrx_word' id='word_1_40' title='bbox 898 442 1072 496; x_wconf 88' lang='lat' dir='ltr'>petiero.</span> <span class='ocrx_word' id='word_1_41' title='bbox 1127 457 1300 496; x_wconf 84' lang='lat' dir='ltr'>possum</span> <span class='ocrx_word' id='word_1_42' title='bbox 1332 446 1375 485; x_wconf 90' lang='lat' dir='ltr'>et</span> <span class='ocrx_word' id='word_1_43' title='bbox 1404 447 1526 486; x_wconf 90' lang='lat' dir='ltr'>tuam</span> 
     </span>
     <span class='ocr_line' id='line_1_7' title="bbox 266 498 1300 552; baseline 0.006 -15"><span class='ocrx_word' id='word_1_44' title='bbox 266 498 461 551; x_wconf 88' lang='lat' dir='ltr'>mortem,</span> <span class='ocrx_word' id='word_1_45' title='bbox 493 512 666 552; x_wconf 86' lang='lat' dir='ltr'>possum</span> <span class='ocrx_word' id='word_1_46' title='bbox 696 499 777 541; x_wconf 92' lang='lat' dir='ltr'>tibi</span> <span class='ocrx_word' id='word_1_47' title='bbox 810 499 974 542; x_wconf 85' lang='lat' dir='ltr'>auferre</span> <span class='ocrx_word' id='word_1_48' title='bbox 1007 501 1300 543; x_wconf 74' lang='lat' dir='ltr'>sacerdotium.</span> 
     </span>
    </p>
   </div>
   <div class='ocr_carea' id='block_1_3' title="bbox 354 648 1435 792">
    <p class='ocr_par' dir='ltr' id='par_1_3' title="bbox 354 648 1435 792">
     <span class='ocr_line' id='line_1_8' title="bbox 826 648 986 692; baseline 0 0"><span class='ocrx_word' id='word_1_49' title='bbox 826 648 986 692; x_wconf 81' lang='lat' dir='ltr'><strong>GGGV.</strong></span> 
     </span>
     <span class='ocr_line' id='line_1_9' title="bbox 354 728 1435 792; baseline 0.006 -23"><span class='ocrx_word' id='word_1_50' title='bbox 354 728 534 771; x_wconf 85' lang='lat' dir='ltr'>Exules</span> <span class='ocrx_word' id='word_1_51' title='bbox 567 741 594 770; x_wconf 87' lang='lat' dir='ltr'>a</span> <span class='ocrx_word' id='word_1_52' title='bbox 624 728 770 792; x_wconf 84' lang='lat' dir='ltr'>divite</span> <span class='ocrx_word' id='word_1_53' title='bbox 801 741 1008 782; x_wconf 83' lang='lat' dir='ltr'>pugnare</span> <span class='ocrx_word' id='word_1_54' title='bbox 1039 730 1167 773; x_wconf 86' lang='lat' dir='ltr'>inter</span> <span class='ocrx_word' id='word_1_55' title='bbox 1198 741 1247 773; x_wconf 85' lang='lat' dir='ltr'>se</span> <span class='ocrx_word' id='word_1_56' title='bbox 1272 731 1435 776; x_wconf 82' lang='lat' dir='ltr'>coacti.</span> 
     </span>
    </p>
   </div>
   <div class='ocr_carea' id='block_1_4' title="bbox 194 809 1523 1039">
    <p class='ocr_par' dir='ltr' id='par_1_4' title="bbox 194 809 1523 981">
     <span class='ocr_line' id='line_1_10' title="bbox 262 809 1523 855; baseline 0.003 -5"><span class='ocrx_word' id='word_1_57' title='bbox 262 809 463 851; x_wconf 82' lang='lat' dir='ltr'>EXULEM</span> <span class='ocrx_word' id='word_1_58' title='bbox 494 821 637 851; x_wconf 79' lang='lat' dir='ltr'>INTRA</span> <span class='ocrx_word' id='word_1_59' title='bbox 666 821 800 852; x_wconf 78' lang='lat' dir='ltr'>FINES</span> <span class='ocrx_word' id='word_1_60' title='bbox 828 822 1174 853; x_wconf 80' lang='lat' dir='ltr'>DEPREHENSUM</span> <span class='ocrx_word' id='word_1_61' title='bbox 1205 822 1373 853; x_wconf 78' lang='lat' dir='ltr'>LICEAT</span> <span class='ocrx_word' id='word_1_62' title='bbox 1400 823 1523 855; x_wconf 81' lang='lat' dir='ltr'>occl-</span> 
     </span>
     <span class='ocr_line' id='line_1_11' title="bbox 194 867 1523 926; baseline 0.004 -19"><span class='ocrx_word' id='word_1_63' title='bbox 194 877 237 908; x_wconf 86' lang='grc'>10</span> <span class='ocrx_word' id='word_1_64' title='bbox 379 879 513 910; x_wconf 80' lang='lat' dir='ltr'><strong>DERE.</strong></span> <span class='ocrx_word' id='word_1_65' title='bbox 583 867 700 909; x_wconf 86' lang='lat' dir='ltr'>Duos</span> <span class='ocrx_word' id='word_1_66' title='bbox 740 883 947 923; x_wconf 86' lang='lat' dir='ltr'>pauperes</span> <span class='ocrx_word' id='word_1_67' title='bbox 996 869 1131 923; x_wconf 79' lang='lat' dir='ltr'>dives,</span> <span class='ocrx_word' id='word_1_68' title='bbox 1173 869 1368 912; x_wconf 88' lang='lat' dir='ltr'>inimicos</span> <span class='ocrx_word' id='word_1_69' title='bbox 1413 885 1523 926; x_wconf 84' lang='lat' dir='ltr'>suos,</span> 
     </span>
     <span class='ocr_line' id='line_1_12' title="bbox 383 925 1523 981; baseline 0.004 -15"><span class='ocrx_word' id='word_1_70' title='bbox 383 925 651 979; x_wconf 87' lang='lat' dir='ltr'>inprudentis</span> <span class='ocrx_word' id='word_1_71' title='bbox 698 927 838 968; x_wconf 86' lang='lat' dir='ltr'>caedis</span> <span class='ocrx_word' id='word_1_72' title='bbox 875 927 1154 981; x_wconf 86' lang='lat' dir='ltr'>quinquennii</span> <span class='ocrx_word' id='word_1_73' title='bbox 1191 927 1316 969; x_wconf 83' lang='lat' dir='ltr'>exilio</span> <span class='ocrx_word' id='word_1_74' title='bbox 1354 928 1523 970; x_wconf 88' lang='lat' dir='ltr'>damna-</span> 
     </span>
    </p>

    <p class='ocr_par' dir='ltr' id='par_1_5' title="bbox 378 984 1523 1039">
     <span class='ocr_line' id='line_1_13' title="bbox 378 984 1523 1039; baseline 0.003 -15"><span class='ocrx_word' id='word_1_75' title='bbox 378 986 457 1037; x_wconf 85' lang='lat' dir='ltr'>tos,</span> <span class='ocrx_word' id='word_1_76' title='bbox 489 985 603 1026; x_wconf 90' lang='lat' dir='ltr'>intra</span> <span class='ocrx_word' id='word_1_77' title='bbox 633 984 736 1025; x_wconf 85' lang='lat' dir='ltr'>fines</span> <span class='ocrx_word' id='word_1_78' title='bbox 769 984 1075 1039; x_wconf 85' lang='lat' dir='ltr'>deprehensos,</span> <span class='ocrx_word' id='word_1_79' title='bbox 1107 985 1306 1027; x_wconf 88' lang='lat' dir='ltr'>dimicare</span> <span class='ocrx_word' id='word_1_80' title='bbox 1336 986 1447 1028; x_wconf 87' lang='lat' dir='ltr'>inter</span> <span class='ocrx_word' id='word_1_81' title='bbox 1479 1001 1523 1028; x_wconf 83' lang='lat' dir='ltr'>se</span> 
     </span>
    </p>
   </div>
   <div class='ocr_carea' id='block_1_5' title="bbox 379 1041 1524 1154">
    <p class='ocr_par' dir='ltr' id='par_1_6' title="bbox 379 1041 1524 1154">
     <span class='ocr_line' id='line_1_14' title="bbox 379 1041 1524 1097; baseline 0.002 -15"><span class='ocrx_word' id='word_1_82' title='bbox 379 1041 489 1082; x_wconf 87' lang='lat' dir='ltr'>datis</span> <span class='ocrx_word' id='word_1_83' title='bbox 511 1042 667 1097; x_wconf 82' lang='lat' dir='ltr'>gladiis</span> <span class='ocrx_word' id='word_1_84' title='bbox 694 1043 845 1096; x_wconf 65' lang='lat' dir='ltr'>coegit.</span> <span class='ocrx_word' id='word_1_85' title='bbox 879 1044 1133 1085; x_wconf 74' lang='lat' dir='ltr'>commortui</span> <span class='ocrx_word' id='word_1_86' title='bbox 1162 1046 1270 1084; x_wconf 86' lang='lat' dir='ltr'>sunt.</span> <span class='ocrx_word' id='word_1_87' title='bbox 1302 1047 1524 1086; x_wconf 84' lang='lat' dir='ltr'>accusatur</span> 
     </span>
     <span class='ocr_line' id='line_1_15' title="bbox 380 1099 770 1154; baseline 0.003 -14"><span class='ocrx_word' id='word_1_88' title='bbox 380 1099 529 1141; x_wconf 84' lang='lat' dir='ltr'>iniusti</span> <span class='ocrx_word' id='word_1_89' title='bbox 561 1099 770 1154; x_wconf 84' lang='lat' dir='ltr'>supplicii.</span> 
     </span>
    </p>
   </div>
   <div class='ocr_carea' id='block_1_6' title="bbox 193 1225 1122 1268">
    <p class='ocr_par' dir='ltr' id='par_1_7' title="bbox 193 1225 1122 1268">
     <span class='ocr_line' id='line_1_16' title="bbox 193 1225 1122 1268; baseline 0.003 -3"><span class='ocrx_word' id='word_1_90' title='bbox 193 1235 237 1266; x_wconf 80' lang='lat'>15</span> <span class='ocrx_word' id='word_1_91' title='bbox 684 1225 1122 1268; x_wconf 84' lang='lat' dir='ltr'><strong>DECLAMATIO.</strong></span> 
     </span>
    </p>
   </div>
   <div class='ocr_carea' id='block_1_7' title="bbox 190 1305 1524 1942">
    <p class='ocr_par' dir='ltr' id='par_1_8' title="bbox 258 1305 1524 1536">
     <span class='ocr_line' id='line_1_17' title="bbox 348 1305 1524 1363; baseline 0.003 -16"><span class='ocrx_word' id='word_1_92' title='bbox 348 1305 447 1348; x_wconf 80' lang='lat' dir='ltr'>Nisi</span> <span class='ocrx_word' id='word_1_93' title='bbox 470 1307 712 1361; x_wconf 78' lang='lat' dir='ltr'>praecipua,</span> <span class='ocrx_word' id='word_1_94' title='bbox 742 1307 914 1362; x_wconf 84' lang='lat' dir='ltr'>iudices,</span> <span class='ocrx_word' id='word_1_95' title='bbox 946 1307 1212 1362; x_wconf 70' lang='lat' dir='ltr'>inpotentiae</span> <span class='ocrx_word' id='word_1_96' title='bbox 1238 1307 1437 1363; x_wconf 84' lang='lat' dir='ltr'>voluptas</span> <span class='ocrx_word' id='word_1_97' title='bbox 1463 1308 1524 1350; x_wconf 91' lang='lat' dir='ltr'>di-</span> 
     </span>
     <span class='ocr_line' id='line_1_18' title="bbox 259 1364 1519 1420; baseline 0.001 -13"><span class='ocrx_word' id='word_1_98' title='bbox 259 1365 422 1407; x_wconf 85' lang='lat' dir='ltr'>vitibus</span> <span class='ocrx_word' id='word_1_99' title='bbox 454 1364 680 1418; x_wconf 85' lang='lat' dir='ltr'>videretur,</span> <span class='ocrx_word' id='word_1_100' title='bbox 711 1367 759 1406; x_wconf 90' lang='lat' dir='ltr'>ut</span> <span class='ocrx_word' id='word_1_101' title='bbox 792 1365 1021 1407; x_wconf 83' lang='lat' dir='ltr'>sceleribus</span> <span class='ocrx_word' id='word_1_102' title='bbox 1055 1366 1142 1407; x_wconf 86' lang='lat' dir='ltr'>suis</span> <span class='ocrx_word' id='word_1_103' title='bbox 1176 1366 1305 1407; x_wconf 88' lang='lat' dir='ltr'>etiam</span> <span class='ocrx_word' id='word_1_104' title='bbox 1336 1366 1519 1420; x_wconf 87' lang='lat' dir='ltr'>glorien-</span> 
     </span>
     <span class='ocr_line' id='line_1_19' title="bbox 258 1422 1520 1478; baseline 0.002 -14"><span class='ocrx_word' id='word_1_105' title='bbox 258 1426 346 1465; x_wconf 88' lang='lat' dir='ltr'>tur:</span> <span class='ocrx_word' id='word_1_106' title='bbox 383 1422 522 1464; x_wconf 89' lang='lat' dir='ltr'>fuerat</span> <span class='ocrx_word' id='word_1_107' title='bbox 558 1423 672 1464; x_wconf 88' lang='lat' dir='ltr'>tanti</span> <span class='ocrx_word' id='word_1_108' title='bbox 703 1423 1040 1465; x_wconf 86' lang='lat' dir='ltr'>miserrimorum</span> <span class='ocrx_word' id='word_1_109' title='bbox 1072 1423 1230 1465; x_wconf 85' lang='lat' dir='ltr'>civium</span> <span class='ocrx_word' id='word_1_110' title='bbox 1260 1424 1399 1478; x_wconf 89' lang='lat' dir='ltr'>perire</span> <span class='ocrx_word' id='word_1_111' title='bbox 1430 1425 1520 1466; x_wconf 86' lang='lat' dir='ltr'>vin-</span> 
     </span>
     <span class='ocr_line' id='line_1_20' title="bbox 260 1481 1522 1536; baseline 0.002 -14"><span class='ocrx_word' id='word_1_112' title='bbox 260 1481 434 1535; x_wconf 85' lang='lat' dir='ltr'>dictam,</span> <span class='ocrx_word' id='word_1_113' title='bbox 474 1481 510 1521; x_wconf 87' lang='lat' dir='ltr'>si</span> <span class='ocrx_word' id='word_1_114' title='bbox 539 1481 679 1535; x_wconf 86' lang='lat' dir='ltr'>possit</span> <span class='ocrx_word' id='word_1_115' title='bbox 708 1483 867 1536; x_wconf 82' lang='lat' dir='ltr'>tacere,</span> <span class='ocrx_word' id='word_1_116' title='bbox 903 1482 975 1535; x_wconf 91' lang='lat' dir='ltr'>qui</span> <span class='ocrx_word' id='word_1_117' title='bbox 1006 1481 1117 1523; x_wconf 88' lang='lat' dir='ltr'>fecit.</span> <span class='ocrx_word' id='word_1_118' title='bbox 1175 1481 1280 1524; x_wconf 90' lang='lat' dir='ltr'>haec</span> <span class='ocrx_word' id='word_1_119' title='bbox 1313 1482 1425 1524; x_wconf 89' lang='lat' dir='ltr'>enim</span> <span class='ocrx_word' id='word_1_120' title='bbox 1457 1485 1522 1524; x_wconf 84' lang='lat' dir='ltr'>est</span> 
     </span>
    </p>

    <p class='ocr_par' dir='ltr' id='par_1_9' title="bbox 190 1538 1522 1709">
     <span class='ocr_line' id='line_1_21' title="bbox 190 1538 1522 1594; baseline 0.002 -15"><span class='ocrx_word' id='word_1_121' title='bbox 190 1548 234 1580; x_wconf 87' lang='grc'>20</span> <span class='ocrx_word' id='word_1_122' title='bbox 261 1539 399 1580; x_wconf 89' lang='lat' dir='ltr'>exacti</span> <span class='ocrx_word' id='word_1_123' title='bbox 431 1538 580 1580; x_wconf 90' lang='lat' dir='ltr'>iniusti</span> <span class='ocrx_word' id='word_1_124' title='bbox 612 1539 809 1592; x_wconf 85' lang='lat' dir='ltr'>supplicii</span> <span class='ocrx_word' id='word_1_125' title='bbox 841 1539 1069 1582; x_wconf 84' lang='lat' dir='ltr'>manifesta</span> <span class='ocrx_word' id='word_1_126' title='bbox 1099 1539 1275 1593; x_wconf 84' lang='lat' dir='ltr'>iniuria,</span> <span class='ocrx_word' id='word_1_127' title='bbox 1311 1541 1423 1594; x_wconf 89' lang='lat' dir='ltr'>quod</span> <span class='ocrx_word' id='word_1_128' title='bbox 1454 1555 1522 1582; x_wconf 85' lang='lat' dir='ltr'>ex-</span> 
     </span>
     <span class='ocr_line' id='line_1_22' title="bbox 260 1597 1522 1652; baseline 0 -13"><span class='ocrx_word' id='word_1_129' title='bbox 260 1597 485 1652; x_wconf 87' lang='lat' dir='ltr'>cogitavit,</span> <span class='ocrx_word' id='word_1_130' title='bbox 518 1597 729 1650; x_wconf 89' lang='lat' dir='ltr'>quomodo</span> <span class='ocrx_word' id='word_1_131' title='bbox 763 1598 816 1638; x_wconf 91' lang='lat' dir='ltr'>ab</span> <span class='ocrx_word' id='word_1_132' title='bbox 848 1597 1031 1640; x_wconf 86' lang='lat' dir='ltr'>inimicis</span> <span class='ocrx_word' id='word_1_133' title='bbox 1063 1612 1179 1639; x_wconf 84' lang='lat' dir='ltr'>mors</span> <span class='ocrx_word' id='word_1_134' title='bbox 1210 1597 1449 1652; x_wconf 77' lang='lat' dir='ltr'>exigeretur</span> <span class='ocrx_word' id='word_1_135' title='bbox 1480 1600 1522 1640; x_wconf 90' lang='lat' dir='ltr'>et</span> 
     </span>
     <span class='ocr_line' id='line_1_23' title="bbox 259 1655 678 1709; baseline 0 -14"><span class='ocrx_word' id='word_1_136' title='bbox 259 1655 366 1709; x_wconf 86' lang='lat' dir='ltr'>ipsis</span> <span class='ocrx_word' id='word_1_137' title='bbox 397 1655 678 1708; x_wconf 82' lang='lat' dir='ltr'>inputaretur.</span> 
     </span>
    </p>

    <p class='ocr_par' dir='ltr' id='par_1_10' title="bbox 257 1711 1518 1824">
     <span class='ocr_line' id='line_1_24' title="bbox 345 1711 1516 1767; baseline 0.001 -14"><span class='ocrx_word' id='word_1_138' title='bbox 345 1711 553 1754; x_wconf 88' lang='lat' dir='ltr'>Homines</span> <span class='ocrx_word' id='word_1_139' title='bbox 591 1713 840 1753; x_wconf 86' lang='lat' dir='ltr'>innocentes</span> <span class='ocrx_word' id='word_1_140' title='bbox 878 1726 972 1754; x_wconf 91' lang='lat' dir='ltr'>cum</span> <span class='ocrx_word' id='word_1_141' title='bbox 1004 1712 1308 1754; x_wconf 84' lang='lat' dir='ltr'>damnarentur</span> <span class='ocrx_word' id='word_1_142' title='bbox 1338 1727 1516 1767; x_wconf 85' lang='lat' dir='ltr'>quoque,</span> 
     </span>
     <span class='ocr_line' id='line_1_25' title="bbox 257 1770 1518 1824; baseline 0.001 -13"><span class='ocrx_word' id='word_1_143' title='bbox 257 1770 437 1812; x_wconf 76' lang='lat' dir='ltr'>infestos</span> <span class='ocrx_word' id='word_1_144' title='bbox 474 1770 585 1812; x_wconf 85' lang='lat' dir='ltr'>inter</span> <span class='ocrx_word' id='word_1_145' title='bbox 625 1785 668 1812; x_wconf 91' lang='lat' dir='ltr'>se</span> <span class='ocrx_word' id='word_1_146' title='bbox 701 1784 949 1812; x_wconf 85' lang='lat' dir='ltr'>concurrere</span> <span class='ocrx_word' id='word_1_147' title='bbox 981 1770 1138 1824; x_wconf 62' lang='lat' dir='ltr'>coegit3</span> <span class='ocrx_word' id='word_1_148' title='bbox 1177 1785 1280 1824; x_wconf 89' lang='lat' dir='ltr'>quos</span> <span class='ocrx_word' id='word_1_149' title='bbox 1313 1771 1443 1812; x_wconf 89' lang='lat' dir='ltr'>etiam</span> <span class='ocrx_word' id='word_1_150' title='bbox 1473 1771 1518 1812; x_wconf 89' lang='lat' dir='ltr'>in</span> 
     </span>
    </p>

    <p class='ocr_par' dir='ltr' id='par_1_11' title="bbox 190 1828 1522 1942">
     <span class='ocr_line' id='line_1_26' title="bbox 190 1828 1520 1882; baseline -0.001 -12"><span class='ocrx_word' id='word_1_151' title='bbox 190 1838 234 1870; x_wconf 85' lang='lat'>25</span> <span class='ocrx_word' id='word_1_152' title='bbox 261 1829 506 1870; x_wconf 86' lang='lat' dir='ltr'>calamitate</span> <span class='ocrx_word' id='word_1_153' title='bbox 541 1828 718 1882; x_wconf 72' lang='lat' dir='ltr'>fortuna</span> <span class='ocrx_word' id='word_1_154' title='bbox 758 1828 1050 1882; x_wconf 84' lang='lat' dir='ltr'>coniunxerat,</span> <span class='ocrx_word' id='word_1_155' title='bbox 1094 1828 1219 1869; x_wconf 86' lang='lat' dir='ltr'>iussit</span> <span class='ocrx_word' id='word_1_156' title='bbox 1255 1830 1304 1869; x_wconf 93' lang='lat' dir='ltr'>ut</span> <span class='ocrx_word' id='word_1_157' title='bbox 1339 1828 1520 1870; x_wconf 86' lang='lat' dir='ltr'>invicem</span> 
     </span>
     <span class='ocr_line' id='line_1_27' title="bbox 261 1884 1522 1942; baseline -0.001 -13"><span class='ocrx_word' id='word_1_158' title='bbox 261 1902 305 1929; x_wconf 86' lang='lat' dir='ltr'>se</span> <span class='ocrx_word' id='word_1_159' title='bbox 338 1886 577 1930; x_wconf 87' lang='lat' dir='ltr'>occiderent</span> <span class='ocrx_word' id='word_1_160' title='bbox 602 1884 733 1941; x_wconf 87' lang='lat' dir='ltr'>(quod</span> <span class='ocrx_word' id='word_1_161' title='bbox 759 1886 1061 1940; x_wconf 80' lang='lat' dir='ltr'>gravissimum</span> <span class='ocrx_word' id='word_1_162' title='bbox 1085 1886 1172 1927; x_wconf 83' lang='lat' dir='ltr'>illis</span> <span class='ocrx_word' id='word_1_163' title='bbox 1194 1884 1297 1942; x_wconf 80' lang='lat' dir='ltr'>fuit)</span> <span class='ocrx_word' id='word_1_164' title='bbox 1325 1886 1522 1928; x_wconf 83' lang='lat' dir='ltr'>scientes.</span> 
     </span>
    </p>
   </div>
   <div class='ocr_carea' id='block_1_8' title="bbox 253 2010 1521 2291">
    <p class='ocr_par' dir='ltr' id='par_1_12' title="bbox 253 2010 1521 2291">
     <span class='ocr_line' id='line_1_28' title="bbox 352 2010 1521 2058; baseline 0 -12"><span class='ocrx_word' id='word_1_165' title='bbox 352 2017 369 2046; x_wconf 94' lang='lat'><strong>1</strong></span> <span class='ocrx_word' id='word_1_166' title='bbox 395 2013 492 2047; x_wconf 90' lang='lat' dir='ltr'>hunc</span> <span class='ocrx_word' id='word_1_167' title='bbox 516 2012 574 2048; x_wconf 83' lang='lat' dir='ltr'>Ro</span> <span class='ocrx_word' id='word_1_168' title='bbox 593 2013 604 2057; x_wconf 76' lang='grc' dir='ltr'>ΙΙ</span> <span class='ocrx_word' id='word_1_169' title='bbox 624 2016 712 2047; x_wconf 88' lang='grc'>2-3</span> <span class='ocrx_word' id='word_1_170' title='bbox 741 2011 918 2047; x_wconf 82' lang='lat' dir='ltr'>sustinere</span> <span class='ocrx_word' id='word_1_171' title='bbox 943 2015 1017 2057; x_wconf 79' lang='lat' dir='ltr'>AB,</span> <span class='ocrx_word' id='word_1_172' title='bbox 1043 2022 1133 2047; x_wconf 78' lang='lat' dir='ltr'>corr.</span> <span class='ocrx_word' id='word_1_173' title='bbox 1154 2011 1232 2054; x_wconf 81' lang='lat' dir='ltr'>Ro;</span> <span class='ocrx_word' id='word_1_174' title='bbox 1255 2023 1291 2056; x_wconf 88' lang='lat' dir='ltr'>p.</span> <span class='ocrx_word' id='word_1_175' title='bbox 1315 2012 1343 2047; x_wconf 88' lang='lat' dir='ltr'>t.</span> <span class='ocrx_word' id='word_1_176' title='bbox 1368 2010 1440 2058; x_wconf 85' lang='lat' dir='ltr'>&lt;ea</span> <span class='ocrx_word' id='word_1_177' title='bbox 1467 2012 1521 2046; x_wconf 77' lang='lat' dir='ltr'>vel</span> 
     </span>
     <span class='ocr_line' id='line_1_29' title="bbox 255 2057 1520 2106; baseline -0.002 -12"><span class='ocrx_word' id='word_1_178' title='bbox 255 2058 410 2106; x_wconf 85' lang='lat' dir='ltr'>nostra&gt;</span> <span class='ocrx_word' id='word_1_179' title='bbox 435 2059 627 2103; x_wconf 80' lang='lat' dir='ltr'>sustinere,</span> <span class='ocrx_word' id='word_1_180' title='bbox 652 2058 736 2103; x_wconf 80' lang='lat' dir='ltr'>plus</span> <span class='ocrx_word' id='word_1_181' title='bbox 761 2058 831 2094; x_wconf 88' lang='lat' dir='ltr'>inc.</span> <span class='ocrx_word' id='word_1_182' title='bbox 859 2058 928 2094; x_wconf 71' lang='grc' dir='ltr'>Βοὴ</span> <span class='ocrx_word' id='word_1_183' title='bbox 946 2059 957 2102; x_wconf 83' lang='grc' dir='ltr'>ΙΙ</span> <span class='ocrx_word' id='word_1_184' title='bbox 976 2061 997 2093; x_wconf 83' lang='grc'>5</span> <span class='ocrx_word' id='word_1_185' title='bbox 1022 2057 1165 2103; x_wconf 83' lang='lat' dir='ltr'>petioro</span> <span class='ocrx_word' id='word_1_186' title='bbox 1190 2061 1220 2091; x_wconf 83' lang='grc' dir='ltr'><strong>Δ</strong></span> <span class='ocrx_word' id='word_1_187' title='bbox 1237 2059 1250 2102; x_wconf 79' lang='grc' dir='ltr'>ΙΙ</span> <span class='ocrx_word' id='word_1_188' title='bbox 1269 2061 1290 2092; x_wconf 90' lang='grc'>8</span> <span class='ocrx_word' id='word_1_189' title='bbox 1315 2057 1438 2092; x_wconf 72' lang='lat' dir='ltr'>adiuta</span> <span class='ocrx_word' id='word_1_190' title='bbox 1461 2060 1488 2091; x_wconf 86' lang='lat' dir='ltr'>B</span> <span class='ocrx_word' id='word_1_191' title='bbox 1507 2058 1520 2103; x_wconf 75' lang='grc' dir='ltr'>Η</span> 
     </span>
     <span class='ocr_line' id='line_1_30' title="bbox 257 2103 1521 2150; baseline -0.002 -10"><span class='ocrx_word' id='word_1_192' title='bbox 257 2109 299 2140; x_wconf 84' lang='grc'>12</span> <span class='ocrx_word' id='word_1_193' title='bbox 324 2105 421 2140; x_wconf 85' lang='lat' dir='ltr'>infra</span> <span class='ocrx_word' id='word_1_194' title='bbox 444 2109 471 2139; x_wconf 85' lang='lat' dir='ltr'>B</span> <span class='ocrx_word' id='word_1_195' title='bbox 502 2106 513 2150; x_wconf 86' lang='grc' dir='ltr'>ΙΙ</span> <span class='ocrx_word' id='word_1_196' title='bbox 559 2109 600 2140; x_wconf 90' lang='grc'>13</span> <span class='ocrx_word' id='word_1_197' title='bbox 627 2117 709 2141; x_wconf 87' lang='lat' dir='ltr'>cum</span> <span class='ocrx_word' id='word_1_198' title='bbox 734 2105 871 2140; x_wconf 89' lang='lat' dir='ltr'>mortui</span> <span class='ocrx_word' id='word_1_199' title='bbox 895 2107 952 2150; x_wconf 73' lang='lat'>1311</span> <span class='ocrx_word' id='word_1_200' title='bbox 973 2109 1015 2140; x_wconf 88' lang='lat'>16</span> <span class='ocrx_word' id='word_1_201' title='bbox 1040 2104 1127 2150; x_wconf 84' lang='lat' dir='ltr'>nisi]</span> <span class='ocrx_word' id='word_1_202' title='bbox 1155 2116 1238 2139; x_wconf 86' lang='lat' dir='ltr'>cum</span> <span class='ocrx_word' id='word_1_203' title='bbox 1266 2103 1320 2139; x_wconf 75' lang='lat' dir='ltr'>Gr</span> <span class='ocrx_word' id='word_1_204' title='bbox 1349 2105 1362 2148; x_wconf 79' lang='lat' dir='ltr'>ss</span> <span class='ocrx_word' id='word_1_205' title='bbox 1391 2104 1521 2139; x_wconf 78' lang='lat' dir='ltr'>volun·</span> 
     </span>
     <span class='ocr_line' id='line_1_31' title="bbox 253 2150 1519 2197; baseline -0.002 -10"><span class='ocrx_word' id='word_1_206' title='bbox 253 2154 312 2187; x_wconf 85' lang='lat' dir='ltr'>tas</span> <span class='ocrx_word' id='word_1_207' title='bbox 336 2155 363 2185; x_wconf 86' lang='grc' dir='ltr'><strong><em>Β</em></strong></span> <span class='ocrx_word' id='word_1_208' title='bbox 394 2153 406 2197; x_wconf 83' lang='grc' dir='ltr'>ΙΙ</span> <span class='ocrx_word' id='word_1_209' title='bbox 439 2156 480 2187; x_wconf 87' lang='grc'>18</span> <span class='ocrx_word' id='word_1_210' title='bbox 505 2152 651 2187; x_wconf 86' lang='lat' dir='ltr'>fuerant</span> <span class='ocrx_word' id='word_1_211' title='bbox 675 2155 726 2185; x_wconf 80' lang='lat' dir='ltr'>Ab</span> <span class='ocrx_word' id='word_1_212' title='bbox 752 2153 826 2196; x_wconf 86' lang='grc'>1121</span> <span class='ocrx_word' id='word_1_213' title='bbox 859 2153 897 2187; x_wconf 87' lang='lat' dir='ltr'>et</span> <span class='ocrx_word' id='word_1_214' title='bbox 921 2162 983 2187; x_wconf 87' lang='lat' dir='ltr'>om.</span> <span class='ocrx_word' id='word_1_215' title='bbox 1009 2154 1034 2185; x_wconf 87' lang='grc' dir='ltr'><strong><em>Β</em></strong></span> <span class='ocrx_word' id='word_1_216' title='bbox 1067 2152 1079 2196; x_wconf 89' lang='grc' dir='ltr'>ΙΙ</span> <span class='ocrx_word' id='word_1_217' title='bbox 1109 2155 1153 2186; x_wconf 85' lang='grc'>23</span> <span class='ocrx_word' id='word_1_218' title='bbox 1186 2151 1402 2186; x_wconf 84' lang='lat' dir='ltr'>damnarent</span> <span class='ocrx_word' id='word_1_219' title='bbox 1432 2150 1519 2195; x_wconf 84' lang='lat' dir='ltr'>quia</span> 
     </span>
     <span class='ocr_line' id='line_1_32' title="bbox 255 2195 1519 2243; baseline -0.002 -9"><span class='ocrx_word' id='word_1_220' title='bbox 255 2209 401 2243; x_wconf 87' lang='lat' dir='ltr'>quoque</span> <span class='ocrx_word' id='word_1_221' title='bbox 426 2201 488 2242; x_wconf 79' lang='lat' dir='ltr'>Aa,</span> <span class='ocrx_word' id='word_1_222' title='bbox 516 2199 753 2234; x_wconf 82' lang='lat' dir='ltr'>damnaretur</span> <span class='ocrx_word' id='word_1_223' title='bbox 778 2209 923 2243; x_wconf 89' lang='lat' dir='ltr'>quoque</span> <span class='ocrx_word' id='word_1_224' title='bbox 947 2201 973 2232; x_wconf 86' lang='lat' dir='ltr'>B</span> <span class='ocrx_word' id='word_1_225' title='bbox 1005 2199 1016 2243; x_wconf 85' lang='grc' dir='ltr'>ΙΙ</span> <span class='ocrx_word' id='word_1_226' title='bbox 1046 2201 1091 2233; x_wconf 87' lang='grc'>24</span> <span class='ocrx_word' id='word_1_227' title='bbox 1117 2195 1307 2233; x_wconf 73' lang='lat' dir='ltr'>confestim</span> <span class='ocrx_word' id='word_1_228' title='bbox 1326 2199 1400 2241; x_wconf 82' lang='grc' dir='ltr'>ΔΒ,</span> <span class='ocrx_word' id='word_1_229' title='bbox 1426 2207 1519 2232; x_wconf 79' lang='lat' dir='ltr'>corr.</span> 
     </span>
     <span class='ocr_line' id='line_1_33' title="bbox 257 2245 977 2291; baseline -0.003 -11"><span class='ocrx_word' id='word_1_230' title='bbox 257 2245 310 2280; x_wconf 80' lang='lat' dir='ltr'>Gr</span> <span class='ocrx_word' id='word_1_231' title='bbox 328 2246 340 2290; x_wconf 78' lang='grc' dir='ltr'><strong>η</strong></span> <span class='ocrx_word' id='word_1_232' title='bbox 359 2245 461 2291; x_wconf 86' lang='lat' dir='ltr'>cogit</span> <span class='ocrx_word' id='word_1_233' title='bbox 485 2248 584 2279; x_wconf 80' lang='lat' dir='ltr'>B—l’</span> <span class='ocrx_word' id='word_1_234' title='bbox 604 2247 614 2290; x_wconf 85' lang='grc' dir='ltr'>ΙΙ</span> <span class='ocrx_word' id='word_1_235' title='bbox 634 2249 677 2280; x_wconf 87' lang='grc'>25</span> <span class='ocrx_word' id='word_1_236' title='bbox 698 2245 928 2280; x_wconf 82' lang='lat' dir='ltr'>calamitates</span> <span class='ocrx_word' id='word_1_237' title='bbox 951 2247 977 2278; x_wconf 85' lang='lat' dir='ltr'>B</span> 
     </span>
    </p>
   </div>
  </div>
 </body>
</html>
