1578 2470
433 124 856 161 DECLAMATIONES.
894 124 1059 162 CCCLV.
1296 125 1381 168 387

99 234 267 291 pillum,
293 234 367 290 qui
392 236 553 290 taceat3
586 234 624 277 si
648 234 824 289 litigare
849 233 968 288 velit,
999 233 1205 288 futurum,
1229 236 1279 276 ut
1305 249 1383 276 sua

97 293 292 349 recipiat.
341 308 418 349 per
449 294 559 336 alios
592 293 745 336 deinde
777 293 1068 335 internuntios
1097 293 1382 335 sollicitatum

96 352 340 395 maritalem
391 353 602 409 animum,
652 352 727 408 qui
774 352 991 408 pupillum
1040 353 1151 394 falso
1204 353 1382 395 crimine

97 411 300 455 adulterii
331 412 617 468 inquinarent.
669 426 715 454 se
747 412 896 468 utique
923 412 1129 454 maritum
1163 412 1383 454 credulum

97 471 211 514 nihil
249 471 366 514 tanti
402 474 596 527 putasse,
635 473 684 514 ut
715 471 862 526 <non>
897 471 1135 526 suspicioni
1176 486 1278 514 suae
1317 486 1381 514 sa·
1410 483 1431 513 5

102 530 335 574 tisfaceret.
403 531 476 573 diu
525 531 607 574 hac
655 531 807 573 fraude
856 531 1129 573 inimicorum
1174 531 1389 586 pupillum

100 592 378 646 tutoremque
400 590 613 646 deceptos.
652 590 728 632 sed
746 592 1031 646 posteaquam
1052 590 1240 633 veriores
1261 590 1389 632 amici

100 649 411 692 intervenerint
445 652 488 692 et
519 665 563 692 se
602 649 990 706 interrogaverint,
1035 665 1165 705 quam
1205 649 1389 692 actionis

99 708 282 751 haberet
312 709 527 764 fiduciam,
558 709 771 764 pupillum
802 709 907 751 item
940 709 1189 751 seduxerint
1221 712 1264 751 et
1290 724 1389 764 que-

101 769 216 810 relae
262 783 414 811 causas
462 768 746 824 quaesierint:
789 770 882 810 tum
924 768 1097 810 demum
1135 768 1388 824 apparuisse
1418 780 1460 811 10

100 829 298 870 mutuum
331 842 540 883 errorem3
580 830 623 870 et
655 843 700 870 se
732 827 943 884 quaedam
976 827 1133 870 certius
1167 828 1299 870 etiam
1332 828 1387 869 ab

103 901 235 929 uxore
275 887 509 942 quaesisse.
572 887 741 929 detecta
765 887 900 943 igitur
930 887 1080 929 fraude
1112 887 1388 930 inimicorum

99 945 230 988 facile
256 945 492 1001 depositas,
519 961 627 1002 quae
656 946 788 988 nullis
815 946 1107 988 fundamentis
1133 947 1387 1000 niterentur,

100 1004 291 1047 actiones
324 1007 368 1047 et
398 1005 583 1047 reditum
616 1006 662 1047 in
693 1005 892 1061 gratiam.
938 1020 982 1047 se
1015 1008 1161 1047 tamen
1193 1005 1387 1048 nondum

99 1063 300 1106 inimicos
334 1064 548 1121 effugisse,
580 1079 605 1106 a
637 1065 793 1120 quibus
825 1079 924 1107 reus
952 1065 1092 1107 factus
1126 1065 1194 1107 sit.
1415 1077 1457 1108 15

187 1122 428 1166 Accusator
459 1126 603 1166 autem
635 1138 724 1166 non
749 1124 1006 1179 committet,
1039 1125 1075 1166 si
1101 1124 1147 1166 in
1171 1125 1386 1181 pupillum

99 1181 266 1224 dixerit.
329 1182 372 1224 id
405 1183 519 1224 enim
562 1183 723 1225 crimen
754 1184 817 1225 illi
849 1183 1025 1238 obiciet,
1065 1184 1179 1239 quod
1211 1184 1283 1226 ille
1314 1198 1387 1230 no-

99 1241 230 1283 luerit
262 1241 439 1284 diluere.
500 1242 614 1284 dicet
658 1256 779 1297 ergo,
822 1246 1000 1299 propter
1038 1257 1231 1285 amorem
1269 1243 1387 1284 adul-

95 1302 215 1342 terae
240 1300 364 1342 illum
389 1301 436 1342 in
462 1301 588 1343 domo
615 1302 772 1343 tutoris
799 1302 1257 1344 remansisse-nam
1284 1304 1386 1344 ante

98 1359 442 1415 quattuordecim
463 1375 611 1414 annos,
631 1360 884 1402 incredibile
899 1363 964 1403 est
978 1361 1206 1403 crimen—
1219 1376 1385 1403 reman—
1412 1374 1456 1405 ‘20

97 1418 204 1461 sisse
230 1419 790 1475 ergo<propter>amorem,
816 1435 896 1462 nec
921 1420 1041 1462 illam
1068 1420 1384 1476 indulgentiam

93 1478 138 1519 in
165 1478 390 1520 retinendo
410 1479 577 1534 pupillo
603 1478 736 1521 fuisse
762 1479 935 1534 tutoris,
962 1479 1033 1521 sed
1061 1479 1384 1535 conscientiam,

97 1551 194 1579 cum
233 1537 363 1579 sciret
408 1538 523 1580 male
560 1538 738 1580 redditis
776 1538 1036 1594 rationibus,
1073 1554 1161 1581 non
1194 1554 1288 1582 esse
1320 1540 1383 1581 of-

97 1595 358 1638 fendendum
389 1597 616 1653 pupillum.
666 1597 837 1639 mulieri
864 1600 1009 1640 autem
1035 1598 1176 1640 multa
1203 1598 1382 1641 donata:

99 1670 390 1712 quaecumque
423 1656 741 1712 desideraverit,
774 1671 988 1699 concessa.
1044 1657 1112 1700 his
1147 1658 1381 1700 sceleribus
1409 1671 1454 1702 25

96 1714 281 1757 invicem
337 1715 542 1772 cognitis,
602 1717 744 1772 primo
799 1718 1028 1772 utrumque
1085 1717 1379 1759 excanduisse:

96 1774 250 1816 deinde
298 1777 487 1817 tutorem
526 1790 576 1817 ex
616 1775 878 1818 conscientia
915 1776 1130 1818 rationum
1183 1776 1381 1819 omisisse

92 1834 238 1888 potius
277 1835 543 1877 matrimonii
580 1835 837 1891 vindictam,
883 1850 1012 1890 quam
1059 1837 1220 1878 mutuis
1260 1836 1381 1878 cade-

93 1893 255 1947 re<n>t
298 1894 552 1936 actionibus.
621 1894 682 1936 sic
731 1909 860 1949 pares
911 1897 1193 1950 acceptasque
1242 1895 1379 1937 factas

96 1951 299 1994 rationes.
754 1961 757 1964 “
1404 1966 1449 1998 30

186 2085 203 2115 1
230 2081 358 2115 tacent
381 2082 408 2114 13
427 2081 439 2125 ΙΙ
458 2084 478 2115 2
506 2079 593 2115 inde
612 2083 638 2114 B
657 2081 670 2125 ΙΙ
689 2080 894 2116 sollicitum
920 2084 974 2115 Aa
992 2082 1004 2126 fl
1032 2085 1054 2116 4
1079 2080 1294 2126 inquinaret
1324 2085 1350 2116 B
1364 2082 1375 2129 ξ

88 2130 109 2162 5
134 2126 266 2175 <non>
294 2126 349 2163 Gr
375 2128 388 2172 ΙΙ
417 2138 505 2162 suae
533 2127 738 2172 suspicioni
762 2131 788 2162 13
807 2130 819 2173 ΙΙ
839 2132 859 2164 8
885 2128 1156 2164 intervenirent
1179 2132 1255 2174 ΔΒ,
1283 2141 1373 2165 corr.

86 2174 163 2210 Aer
192 2176 204 2220 ΙΙ
235 2179 256 2210 9
294 2176 420 2211 autem
445 2177 472 2208 Β
491 2175 504 2220 ΙΙ
529 2174 668 2210 sedux
692 2178 722 2209 Δ
746 2177 759 2221 ΙΙ
779 2180 822 2211 12
855 2176 1083 2221 quaesissem
1107 2179 1161 2210 Aa.
1179 2177 1191 2223 ss
1217 2177 1376 2222 decepta

85 2224 113 2256 Β
143 2223 158 2268 ΙΙ
185 2226 228 2258 13
255 2222 444 2268 depositus
470 2225 497 2256 Β
529 2223 541 2268 ΙΙ
572 2225 617 2257 14
641 2222 707 2258 sed
732 2226 762 2257 Δ
786 2225 798 2268 ΙΙ
823 2227 867 2258 21
894 2222 1104 2271 (propter)
1131 2223 1373 2270 θν1128-29

88 2269 319 2317 cadere<n>t
343 2270 401 2306 Ro
432 2274 465 2305 et
492 2269 544 2305 Ri
573 2271 586 2315 ΙΙ
617 2274 662 2305 30
693 2270 858 2306 actiones
884 2274 1022 2314 ABal’3
1053 2292 1095 2297 —
1120 2282 1230 2317 pares
1256 2272 1376 2307 factas

91 2318 339 2362 acceptasque
365 2317 530 2353 actiones
555 2317 618 2352 Bu

1084 2379 1160 2414 25*
