<?xml version="1.0" encoding="UTF-8"?>
<!DOCTYPE html PUBLIC "-//W3C//DTD XHTML 1.0 Transitional//EN"
    "http://www.w3.org/TR/xhtml1/DTD/xhtml1-transitional.dtd">
<html xmlns="http://www.w3.org/1999/xhtml" xml:lang="en" lang="en">
 <head>
  <title>
</title>
<meta http-equiv="Content-Type" content="text/html;charset=utf-8" />
  <meta name='ocr-system' content='tesseract 3.04.00' />
  <meta name='ocr-capabilities' content='ocr_page ocr_carea ocr_par ocr_line ocrx_word'/>
</head>
<body>
  <div class='ocr_page' id='page_1' title='image "./declamationesqua00quinuoft_0124.png"; bbox 0 0 1604 2488; ppageno 0'>
   <div class='ocr_carea' id='block_1_1' title="bbox 211 69 989 111">
    <p class='ocr_par' dir='ltr' id='par_1_1' title="bbox 211 69 989 111">
     <span class='ocr_line' id='line_1_1' title="bbox 211 69 989 111; baseline -0.009 0"><span class='ocrx_word' id='word_1_1' title='bbox 211 69 265 111; x_wconf 88' lang='grc'>88</span> <span class='ocrx_word' id='word_1_2' title='bbox 689 69 971 111; x_wconf 83' lang='lat' dir='ltr'><strong>QUINTILIAN</strong></span> <span class='ocrx_word' id='word_1_3' title='bbox 974 71 989 105; x_wconf 88' lang='lat'>1</span> 
     </span>
    </p>
   </div>
   <div class='ocr_carea' id='block_1_2' title="bbox 137 175 1464 1042">
    <p class='ocr_par' dir='ltr' id='par_1_2' title="bbox 137 175 1464 1042">
     <span class='ocr_line' id='line_1_2' title="bbox 209 175 1464 233; baseline 0.003 -17"><span class='ocrx_word' id='word_1_4' title='bbox 209 176 419 230; x_wconf 84' lang='lat' dir='ltr'>iniquiore</span> <span class='ocrx_word' id='word_1_5' title='bbox 435 175 678 217; x_wconf 88' lang='lat' dir='ltr'>condicione</span> <span class='ocrx_word' id='word_1_6' title='bbox 689 176 830 230; x_wconf 86' lang='grc'>&lt;11011&gt;</span> <span class='ocrx_word' id='word_1_7' title='bbox 843 177 1031 218; x_wconf 85' lang='lat' dir='ltr'>dicturus</span> <span class='ocrx_word' id='word_1_8' title='bbox 1046 178 1126 218; x_wconf 80' lang='lat' dir='ltr'>sim</span> <span class='ocrx_word' id='word_1_9' title='bbox 1139 177 1264 219; x_wconf 89' lang='lat' dir='ltr'>hodie</span> <span class='ocrx_word' id='word_1_10' title='bbox 1281 192 1464 233; x_wconf 84' lang='lat' dir='ltr'>causam,</span> 
     </span>
     <span class='ocr_line' id='line_1_3' title="bbox 212 232 1463 289; baseline 0.003 -15"><span class='ocrx_word' id='word_1_11' title='bbox 212 248 338 287; x_wconf 89' lang='lat' dir='ltr'>quam</span> <span class='ocrx_word' id='word_1_12' title='bbox 371 236 497 274; x_wconf 84' lang='lat' dir='ltr'>antea</span> <span class='ocrx_word' id='word_1_13' title='bbox 529 232 644 275; x_wconf 78' lang='lat' dir='ltr'>dixi?</span> <span class='ocrx_word' id='word_1_14' title='bbox 675 237 766 281; x_wconf 80' lang='lat' dir='ltr'>tum</span> <span class='ocrx_word' id='word_1_15' title='bbox 798 234 1007 276; x_wconf 88' lang='lat' dir='ltr'>detulerat</span> <span class='ocrx_word' id='word_1_16' title='bbox 1031 248 1137 289; x_wconf 88' lang='lat' dir='ltr'>eum,</span> <span class='ocrx_word' id='word_1_17' title='bbox 1168 235 1235 276; x_wconf 88' lang='lat' dir='ltr'>cui</span> <span class='ocrx_word' id='word_1_18' title='bbox 1258 236 1366 277; x_wconf 91' lang='lat' dir='ltr'>nihil</span> <span class='ocrx_word' id='word_1_19' title='bbox 1392 238 1463 278; x_wconf 92' lang='lat' dir='ltr'>ob-</span> 
     </span>
     <span class='ocr_line' id='line_1_4' title="bbox 209 290 1463 350; baseline 0.004 -18"><span class='ocrx_word' id='word_1_20' title='bbox 209 291 263 332; x_wconf 87' lang='lat' dir='ltr'>ici</span> <span class='ocrx_word' id='word_1_21' title='bbox 304 295 468 345; x_wconf 88' lang='lat' dir='ltr'>posset:</span> <span class='ocrx_word' id='word_1_22' title='bbox 512 290 637 333; x_wconf 90' lang='lat' dir='ltr'>hodie</span> <span class='ocrx_word' id='word_1_23' title='bbox 669 291 806 333; x_wconf 87' lang='lat' dir='ltr'>defert</span> <span class='ocrx_word' id='word_1_24' title='bbox 837 292 1094 334; x_wconf 86' lang='lat' dir='ltr'>damnatum.</span> <span class='ocrx_word' id='word_1_25' title='bbox 1153 292 1235 335; x_wconf 87' lang='lat' dir='ltr'>hoc</span> <span class='ocrx_word' id='word_1_26' title='bbox 1265 294 1463 350; x_wconf 85' lang='lat' dir='ltr'>inprimis</span> 
     </span>
     <span class='ocr_line' id='line_1_5' title="bbox 211 349 1464 404; baseline 0.003 -14"><span class='ocrx_word' id='word_1_27' title='bbox 211 349 317 390; x_wconf 88' lang='lat' dir='ltr'>mihi</span> <span class='ocrx_word' id='word_1_28' title='bbox 356 349 527 402; x_wconf 84' lang='lat' dir='ltr'>obiciet,</span> <span class='ocrx_word' id='word_1_29' title='bbox 571 350 680 404; x_wconf 88' lang='lat' dir='ltr'>quod</span> <span class='ocrx_word' id='word_1_30' title='bbox 727 354 873 392; x_wconf 89' lang='lat' dir='ltr'>contra</span> <span class='ocrx_word' id='word_1_31' title='bbox 910 364 976 391; x_wconf 90' lang='lat' dir='ltr'>me</span> <span class='ocrx_word' id='word_1_32' title='bbox 1015 351 1248 393; x_wconf 87' lang='lat' dir='ltr'>sententias</span> <span class='ocrx_word' id='word_1_33' title='bbox 1283 351 1464 395; x_wconf 85' lang='lat' dir='ltr'>tulerint</span> 
     </span>
     <span class='ocr_line' id='line_1_6' title="bbox 164 407 1463 464; baseline 0.003 -16"><span class='ocrx_word' id='word_1_34' title='bbox 164 417 184 448; x_wconf 87' lang='lat'>5</span> <span class='ocrx_word' id='word_1_35' title='bbox 212 407 469 448; x_wconf 82' lang='lat' dir='ltr'>sanctissimi</span> <span class='ocrx_word' id='word_1_36' title='bbox 505 407 682 460; x_wconf 87' lang='lat' dir='ltr'>iudices,</span> <span class='ocrx_word' id='word_1_37' title='bbox 720 408 829 462; x_wconf 90' lang='lat' dir='ltr'>quod</span> <span class='ocrx_word' id='word_1_38' title='bbox 860 407 1120 462; x_wconf 79' lang='lat' dir='ltr'>proditorem</span> <span class='ocrx_word' id='word_1_39' title='bbox 1150 423 1218 450; x_wconf 91' lang='lat' dir='ltr'>me</span> <span class='ocrx_word' id='word_1_40' title='bbox 1249 423 1340 451; x_wconf 81' lang='lat' dir='ltr'>esse</span> <span class='ocrx_word' id='word_1_41' title='bbox 1368 424 1463 464; x_wconf 88' lang='lat' dir='ltr'>pro·</span> 
     </span>
     <span class='ocr_line' id='line_1_7' title="bbox 208 465 1462 522; baseline 0.003 -16"><span class='ocrx_word' id='word_1_42' title='bbox 208 465 509 508; x_wconf 76' lang='lat' dir='ltr'>nuntiaverint.</span> <span class='ocrx_word' id='word_1_43' title='bbox 542 465 710 518; x_wconf 85' lang='lat' dir='ltr'>obiciat,</span> <span class='ocrx_word' id='word_1_44' title='bbox 741 469 783 507; x_wconf 89' lang='lat' dir='ltr'>et</span> <span class='ocrx_word' id='word_1_45' title='bbox 809 466 868 507; x_wconf 88' lang='lat' dir='ltr'>sic</span> <span class='ocrx_word' id='word_1_46' title='bbox 895 465 1128 508; x_wconf 83' lang='lat' dir='ltr'>defendam.</span> <span class='ocrx_word' id='word_1_47' title='bbox 1189 466 1248 508; x_wconf 83' lang='lat' dir='ltr'>Et</span> <span class='ocrx_word' id='word_1_48' title='bbox 1279 481 1333 509; x_wconf 90' lang='lat' dir='ltr'>ne</span> <span class='ocrx_word' id='word_1_49' title='bbox 1368 468 1462 522; x_wconf 85' lang='lat' dir='ltr'>quis</span> 
     </span>
     <span class='ocr_line' id='line_1_8' title="bbox 207 523 1463 579; baseline 0.002 -15"><span class='ocrx_word' id='word_1_50' title='bbox 207 537 288 576; x_wconf 82' lang='lat' dir='ltr'>me,</span> <span class='ocrx_word' id='word_1_51' title='bbox 319 523 489 576; x_wconf 85' lang='lat' dir='ltr'>iudices,</span> <span class='ocrx_word' id='word_1_52' title='bbox 515 523 575 565; x_wconf 88' lang='lat' dir='ltr'>sic</span> <span class='ocrx_word' id='word_1_53' title='bbox 601 523 756 576; x_wconf 87' lang='lat' dir='ltr'>audiat,</span> <span class='ocrx_word' id='word_1_54' title='bbox 779 527 999 578; x_wconf 84' lang='lat' dir='ltr'>tamquam</span> <span class='ocrx_word' id='word_1_55' title='bbox 1024 536 1103 578; x_wconf 86' lang='lat' dir='ltr'>ego</span> <span class='ocrx_word' id='word_1_56' title='bbox 1129 523 1179 566; x_wconf 88' lang='lat' dir='ltr'>de</span> <span class='ocrx_word' id='word_1_57' title='bbox 1203 523 1271 566; x_wconf 87' lang='lat' dir='ltr'>his</span> <span class='ocrx_word' id='word_1_58' title='bbox 1299 539 1463 579; x_wconf 87' lang='lat' dir='ltr'>querar,</span> 
     </span>
     <span class='ocr_line' id='line_1_9' title="bbox 208 580 1463 635; baseline 0.002 -14"><span class='ocrx_word' id='word_1_59' title='bbox 208 580 280 634; x_wconf 93' lang='lat' dir='ltr'>qui</span> <span class='ocrx_word' id='word_1_60' title='bbox 315 581 717 635; x_wconf 87' lang='lat' dir='ltr'>pronuntiaverunt:</span> <span class='ocrx_word' id='word_1_61' title='bbox 759 581 794 622; x_wconf 89' lang='lat' dir='ltr'>si</span> <span class='ocrx_word' id='word_1_62' title='bbox 826 582 940 623; x_wconf 85' lang='lat' dir='ltr'>istud</span> <span class='ocrx_word' id='word_1_63' title='bbox 969 581 1226 623; x_wconf 81' lang='lat' dir='ltr'>invidiosum</span> <span class='ocrx_word' id='word_1_64' title='bbox 1255 582 1463 624; x_wconf 85' lang='lat' dir='ltr'>iudicibus</span> 
     </span>
     <span class='ocr_line' id='line_1_10' title="bbox 207 639 1462 693; baseline 0.003 -14"><span class='ocrx_word' id='word_1_65' title='bbox 207 642 345 692; x_wconf 75' lang='lat' dir='ltr'>esset,</span> <span class='ocrx_word' id='word_1_66' title='bbox 393 642 562 693; x_wconf 85' lang='lat' dir='ltr'>poterat</span> <span class='ocrx_word' id='word_1_67' title='bbox 603 639 736 680; x_wconf 85' lang='lat' dir='ltr'>videri</span> <span class='ocrx_word' id='word_1_68' title='bbox 778 654 865 680; x_wconf 89' lang='lat' dir='ltr'>non</span> <span class='ocrx_word' id='word_1_69' title='bbox 906 639 1104 681; x_wconf 82' lang='lat' dir='ltr'>inmerito</span> <span class='ocrx_word' id='word_1_70' title='bbox 1141 641 1328 693; x_wconf 85' lang='lat' dir='ltr'>praemio</span> <span class='ocrx_word' id='word_1_71' title='bbox 1365 655 1462 683; x_wconf 88' lang='lat' dir='ltr'>meo</span> 
     </span>
     <span class='ocr_line' id='line_1_11' title="bbox 140 695 1464 753; baseline 0.002 -16"><span class='ocrx_word' id='word_1_72' title='bbox 140 707 182 738; x_wconf 92' lang='lat'>10</span> <span class='ocrx_word' id='word_1_73' title='bbox 210 695 364 750; x_wconf 86' lang='lat' dir='ltr'>aliquis</span> <span class='ocrx_word' id='word_1_74' title='bbox 397 697 580 738; x_wconf 89' lang='lat' dir='ltr'>obstare.</span> <span class='ocrx_word' id='word_1_75' title='bbox 628 697 701 738; x_wconf 90' lang='lat' dir='ltr'>sed</span> <span class='ocrx_word' id='word_1_76' title='bbox 726 711 812 739; x_wconf 88' lang='lat' dir='ltr'>non</span> <span class='ocrx_word' id='word_1_77' title='bbox 838 711 1004 752; x_wconf 84' lang='lat' dir='ltr'>semper</span> <span class='ocrx_word' id='word_1_78' title='bbox 1029 697 1214 739; x_wconf 85' lang='lat' dir='ltr'>iudicum</span> <span class='ocrx_word' id='word_1_79' title='bbox 1238 698 1361 753; x_wconf 87' lang='lat' dir='ltr'>culpa</span> <span class='ocrx_word' id='word_1_80' title='bbox 1386 701 1464 752; x_wconf 86' lang='lat' dir='ltr'>est,</span> 
     </span>
     <span class='ocr_line' id='line_1_12' title="bbox 208 754 1462 811; baseline 0.002 -16"><span class='ocrx_word' id='word_1_81' title='bbox 208 768 303 795; x_wconf 90' lang='lat' dir='ltr'>cum</span> <span class='ocrx_word' id='word_1_82' title='bbox 334 754 537 796; x_wconf 81' lang='lat' dir='ltr'>innocens</span> <span class='ocrx_word' id='word_1_83' title='bbox 570 754 792 796; x_wconf 87' lang='lat' dir='ltr'>damnatus</span> <span class='ocrx_word' id='word_1_84' title='bbox 825 755 1027 809; x_wconf 78' lang='lat' dir='ltr'>&lt;fu&gt;eritz</span> <span class='ocrx_word' id='word_1_85' title='bbox 1082 754 1308 811; x_wconf 85' lang='lat' dir='ltr'>aliquando</span> <span class='ocrx_word' id='word_1_86' title='bbox 1338 757 1462 798; x_wconf 86' lang='lat' dir='ltr'>testis</span> 
     </span>
     <span class='ocr_line' id='line_1_13' title="bbox 207 812 1462 868; baseline 0.002 -15"><span class='ocrx_word' id='word_1_87' title='bbox 207 813 510 867; x_wconf 80' lang='lat' dir='ltr'>corrumpitur3</span> <span class='ocrx_word' id='word_1_88' title='bbox 542 813 770 867; x_wconf 88' lang='lat' dir='ltr'>aliquando</span> <span class='ocrx_word' id='word_1_89' title='bbox 801 828 953 868; x_wconf 85' lang='lat' dir='ltr'>parum</span> <span class='ocrx_word' id='word_1_90' title='bbox 985 812 1212 867; x_wconf 87' lang='lat' dir='ltr'>diligenter</span> <span class='ocrx_word' id='word_1_91' title='bbox 1242 828 1370 857; x_wconf 83' lang='lat' dir='ltr'>causa</span> <span class='ocrx_word' id='word_1_92' title='bbox 1394 813 1462 856; x_wconf 85' lang='lat' dir='ltr'>de-</span> 
     </span>
     <span class='ocr_line' id='line_1_14' title="bbox 205 869 1460 925; baseline 0.002 -14"><span class='ocrx_word' id='word_1_93' title='bbox 205 869 411 925; x_wconf 77' lang='lat' dir='ltr'>fenditur3</span> <span class='ocrx_word' id='word_1_94' title='bbox 445 871 670 925; x_wconf 84' lang='lat' dir='ltr'>aliquando</span> <span class='ocrx_word' id='word_1_95' title='bbox 702 885 774 912; x_wconf 92' lang='lat' dir='ltr'>reo</span> <span class='ocrx_word' id='word_1_96' title='bbox 804 874 930 913; x_wconf 91' lang='lat' dir='ltr'>nocet</span> <span class='ocrx_word' id='word_1_97' title='bbox 960 874 1002 913; x_wconf 90' lang='lat' dir='ltr'>et</span> <span class='ocrx_word' id='word_1_98' title='bbox 1031 871 1125 925; x_wconf 83' lang='lat' dir='ltr'>ipsa</span> <span class='ocrx_word' id='word_1_99' title='bbox 1155 871 1319 914; x_wconf 83' lang='lat' dir='ltr'>fiducia.</span> <span class='ocrx_word' id='word_1_100' title='bbox 1374 872 1460 913; x_wconf 86' lang='lat' dir='ltr'>vul·</span> 
     </span>
     <span class='ocr_line' id='line_1_15' title="bbox 204 928 1462 984; baseline 0.001 -15"><span class='ocrx_word' id='word_1_101' title='bbox 204 928 260 968; x_wconf 87' lang='lat' dir='ltr'>tis</span> <span class='ocrx_word' id='word_1_102' title='bbox 294 928 419 982; x_wconf 77' lang='lat' dir='ltr'>scire,</span> <span class='ocrx_word' id='word_1_103' title='bbox 455 929 537 970; x_wconf 91' lang='lat' dir='ltr'>hoc</span> <span class='ocrx_word' id='word_1_104' title='bbox 566 943 652 970; x_wconf 89' lang='lat' dir='ltr'>non</span> <span class='ocrx_word' id='word_1_105' title='bbox 683 930 895 983; x_wconf 85' lang='lat' dir='ltr'>pertinere</span> <span class='ocrx_word' id='word_1_106' title='bbox 927 929 979 970; x_wconf 93' lang='lat' dir='ltr'>ad</span> <span class='ocrx_word' id='word_1_107' title='bbox 1014 929 1198 970; x_wconf 89' lang='lat' dir='ltr'>iudicum</span> <span class='ocrx_word' id='word_1_108' title='bbox 1229 929 1462 984; x_wconf 79' lang='lat' dir='ltr'>pudorem?</span> 
     </span>
     <span class='ocr_line' id='line_1_16' title="bbox 137 987 1114 1042; baseline 0.002 -16"><span class='ocrx_word' id='word_1_109' title='bbox 137 996 180 1027; x_wconf 83' lang='lat'>15</span> <span class='ocrx_word' id='word_1_110' title='bbox 207 1001 282 1026; x_wconf 79' lang='lat' dir='ltr'>—z</span> <span class='ocrx_word' id='word_1_111' title='bbox 313 1000 439 1028; x_wconf 88' lang='lat' dir='ltr'>nemo</span> <span class='ocrx_word' id='word_1_112' title='bbox 472 987 736 1042; x_wconf 81' lang='lat' dir='ltr'>contradicit,</span> <span class='ocrx_word' id='word_1_113' title='bbox 765 987 850 1028; x_wconf 87' lang='lat' dir='ltr'>nisi</span> <span class='ocrx_word' id='word_1_114' title='bbox 882 990 1114 1029; x_wconf 85' lang='lat' dir='ltr'>accusator.</span> 
     </span>
    </p>
   </div>
   <div class='ocr_carea' id='block_1_3' title="bbox 321 1124 1346 1261">
    <p class='ocr_par' dir='ltr' id='par_1_3' title="bbox 321 1124 1346 1261">
     <span class='ocr_line' id='line_1_17' title="bbox 704 1124 971 1169; baseline 0 -1"><span class='ocrx_word' id='word_1_115' title='bbox 704 1124 971 1169; x_wconf 83' lang='lat' dir='ltr'>CCLXVII.</span> 
     </span>
     <span class='ocr_line' id='line_1_18' title="bbox 321 1205 1346 1261; baseline 0.003 -14"><span class='ocrx_word' id='word_1_116' title='bbox 321 1205 462 1249; x_wconf 85' lang='lat' dir='ltr'>Flens</span> <span class='ocrx_word' id='word_1_117' title='bbox 494 1205 551 1248; x_wconf 82' lang='lat' dir='ltr'>ad</span> <span class='ocrx_word' id='word_1_118' title='bbox 583 1217 758 1261; x_wconf 84' lang='lat' dir='ltr'>arcem,</span> <span class='ocrx_word' id='word_1_119' title='bbox 792 1206 1033 1260; x_wconf 80' lang='lat' dir='ltr'>depositor</span> <span class='ocrx_word' id='word_1_120' title='bbox 1062 1205 1346 1259; x_wconf 77' lang='lat' dir='ltr'>tyrannidis.</span> 
     </span>
    </p>
   </div>
   <div class='ocr_carea' id='block_1_4' title="bbox 134 1287 1464 1504">
    <p class='ocr_par' dir='ltr' id='par_1_4' title="bbox 203 1287 1462 1343">
     <span class='ocr_line' id='line_1_19' title="bbox 203 1287 1462 1343; baseline 0.002 -15"><span class='ocrx_word' id='word_1_121' title='bbox 203 1287 513 1329; x_wconf 81' lang='lat' dir='ltr'>ADFECTATAE</span> <span class='ocrx_word' id='word_1_122' title='bbox 547 1299 829 1330; x_wconf 77' lang='lat' dir='ltr'>TYRANMms</span> <span class='ocrx_word' id='word_1_123' title='bbox 862 1300 931 1330; x_wconf 76' lang='lat' dir='ltr'>sir</span> <span class='ocrx_word' id='word_1_124' title='bbox 962 1299 1111 1331; x_wconf 81' lang='lat' dir='ltr'>ACTIO.</span> <span class='ocrx_word' id='word_1_125' title='bbox 1163 1288 1243 1338; x_wconf 79' lang='lat' dir='ltr'>Qui</span> <span class='ocrx_word' id='word_1_126' title='bbox 1273 1289 1462 1343; x_wconf 86' lang='lat' dir='ltr'>tyranni-</span> 
     </span>
    </p>

    <p class='ocr_par' dir='ltr' id='par_1_5' title="bbox 322 1345 1464 1401">
     <span class='ocr_line' id='line_1_20' title="bbox 322 1345 1464 1401; baseline 0.002 -15"><span class='ocrx_word' id='word_1_127' title='bbox 322 1345 415 1387; x_wconf 88' lang='lat' dir='ltr'>dem</span> <span class='ocrx_word' id='word_1_128' title='bbox 457 1346 711 1400; x_wconf 83' lang='lat' dir='ltr'>deposuerat</span> <span class='ocrx_word' id='word_1_129' title='bbox 751 1347 828 1387; x_wconf 90' lang='lat' dir='ltr'>sub</span> <span class='ocrx_word' id='word_1_130' title='bbox 865 1350 990 1401; x_wconf 87' lang='lat' dir='ltr'>paeto</span> <span class='ocrx_word' id='word_1_131' title='bbox 1031 1346 1299 1400; x_wconf 87' lang='lat' dir='ltr'>abolitionis,</span> <span class='ocrx_word' id='word_1_132' title='bbox 1342 1347 1464 1388; x_wconf 85' lang='lat' dir='ltr'>iuxta</span> 
     </span>
    </p>

    <p class='ocr_par' dir='ltr' id='par_1_6' title="bbox 134 1404 1460 1504">
     <span class='ocr_line' id='line_1_21' title="bbox 134 1404 1460 1459; baseline 0.002 -15"><span class='ocrx_word' id='word_1_133' title='bbox 134 1413 178 1444; x_wconf 82' lang='lat'>20</span> <span class='ocrx_word' id='word_1_134' title='bbox 323 1418 462 1445; x_wconf 84' lang='lat' dir='ltr'>arcem</span> <span class='ocrx_word' id='word_1_135' title='bbox 508 1404 609 1446; x_wconf 82' lang='lat' dir='ltr'>flens</span> <span class='ocrx_word' id='word_1_136' title='bbox 654 1404 939 1459; x_wconf 82' lang='lat' dir='ltr'>deprehensus</span> <span class='ocrx_word' id='word_1_137' title='bbox 984 1408 1057 1447; x_wconf 87' lang='lat' dir='ltr'>est.</span> <span class='ocrx_word' id='word_1_138' title='bbox 1119 1404 1355 1447; x_wconf 84' lang='lat' dir='ltr'>adfectatae</span> <span class='ocrx_word' id='word_1_139' title='bbox 1393 1407 1460 1459; x_wconf 80' lang='lat' dir='ltr'>ty-</span> 
     </span>
     <span class='ocr_line' id='line_1_22' title="bbox 323 1462 750 1504; baseline 0.002 -1"><span class='ocrx_word' id='word_1_140' title='bbox 323 1462 512 1504; x_wconf 88' lang='lat' dir='ltr'>rannidis</span> <span class='ocrx_word' id='word_1_141' title='bbox 544 1477 641 1504; x_wconf 87' lang='lat' dir='ltr'>reus</span> <span class='ocrx_word' id='word_1_142' title='bbox 674 1465 750 1504; x_wconf 83' lang='lat' dir='ltr'>est.</span> 
     </span>
    </p>
   </div>
   <div class='ocr_carea' id='block_1_5' title="bbox 618 1576 1052 1620">
    <p class='ocr_par' dir='ltr' id='par_1_7' title="bbox 618 1576 1052 1620">
     <span class='ocr_line' id='line_1_23' title="bbox 618 1576 1052 1620; baseline 0 -1"><span class='ocrx_word' id='word_1_143' title='bbox 618 1576 1052 1620; x_wconf 85' lang='lat' dir='ltr'><strong>DECLAMATIO.</strong></span> 
     </span>
    </p>
   </div>
   <div class='ocr_carea' id='block_1_6' title="bbox 135 1645 1462 1829">
    <p class='ocr_par' dir='ltr' id='par_1_8' title="bbox 135 1645 1462 1829">
     <span class='ocr_line' id='line_1_24' title="bbox 290 1645 1462 1713; baseline 0.001 -14"><span class='ocrx_word' id='word_1_144' title='bbox 290 1657 388 1700; x_wconf 91' lang='lat' dir='ltr'>Non</span> <span class='ocrx_word' id='word_1_145' title='bbox 419 1645 500 1713; x_wconf 76' lang='lat' dir='ltr'>fiii,</span> <span class='ocrx_word' id='word_1_146' title='bbox 532 1658 710 1713; x_wconf 87' lang='lat' dir='ltr'>iudices,</span> <span class='ocrx_word' id='word_1_147' title='bbox 747 1659 899 1700; x_wconf 87' lang='lat' dir='ltr'>dubius</span> <span class='ocrx_word' id='word_1_148' title='bbox 932 1673 980 1700; x_wconf 86' lang='lat' dir='ltr'>eo</span> <span class='ocrx_word' id='word_1_149' title='bbox 1012 1662 1222 1713; x_wconf 86' lang='lat' dir='ltr'>tempore,</span> <span class='ocrx_word' id='word_1_150' title='bbox 1253 1673 1335 1713; x_wconf 90' lang='lat' dir='ltr'>quo</span> <span class='ocrx_word' id='word_1_151' title='bbox 1365 1673 1462 1712; x_wconf 87' lang='lat' dir='ltr'>pae-</span> 
     </span>
     <span class='ocr_line' id='line_1_25' title="bbox 200 1716 1460 1772; baseline 0.001 -15"><span class='ocrx_word' id='word_1_152' title='bbox 200 1716 384 1758; x_wconf 85' lang='lat' dir='ltr'>nitentia</span> <span class='ocrx_word' id='word_1_153' title='bbox 412 1717 609 1758; x_wconf 88' lang='lat' dir='ltr'>iuvenilis</span> <span class='ocrx_word' id='word_1_154' title='bbox 641 1717 896 1759; x_wconf 82' lang='lat' dir='ltr'>temeritatis</span> <span class='ocrx_word' id='word_1_155' title='bbox 926 1730 1016 1758; x_wconf 91' lang='lat' dir='ltr'>rem</span> <span class='ocrx_word' id='word_1_156' title='bbox 1046 1717 1263 1770; x_wconf 89' lang='lat' dir='ltr'>publicam</span> <span class='ocrx_word' id='word_1_157' title='bbox 1293 1717 1460 1772; x_wconf 88' lang='lat' dir='ltr'>legibus</span> 
     </span>
     <span class='ocr_line' id='line_1_26' title="bbox 135 1774 1460 1829; baseline 0.001 -14"><span class='ocrx_word' id='word_1_158' title='bbox 135 1783 178 1815; x_wconf 83' lang='lat'>25</span> <span class='ocrx_word' id='word_1_159' title='bbox 205 1788 254 1816; x_wconf 87' lang='lat' dir='ltr'>ac</span> <span class='ocrx_word' id='word_1_160' title='bbox 291 1775 491 1829; x_wconf 85' lang='lat' dir='ltr'>&lt;populi&gt;</span> <span class='ocrx_word' id='word_1_161' title='bbox 527 1775 733 1829; x_wconf 85' lang='lat' dir='ltr'>potestati</span> <span class='ocrx_word' id='word_1_162' title='bbox 772 1774 952 1829; x_wconf 85' lang='lat' dir='ltr'>reddidi,</span> <span class='ocrx_word' id='word_1_163' title='bbox 995 1775 1098 1829; x_wconf 87' lang='lat' dir='ltr'>quin</span> <span class='ocrx_word' id='word_1_164' title='bbox 1134 1775 1240 1816; x_wconf 90' lang='lat' dir='ltr'>mihi</span> <span class='ocrx_word' id='word_1_165' title='bbox 1277 1775 1460 1816; x_wconf 87' lang='lat' dir='ltr'>multum</span> 
     </span>
    </p>
   </div>
   <div class='ocr_carea' id='block_1_7' title="bbox 197 1876 1462 2154">
    <p class='ocr_par' dir='ltr' id='par_1_9' title="bbox 197 1876 1462 2154">
     <span class='ocr_line' id='line_1_27' title="bbox 297 1876 1462 1921; baseline 0.001 -11"><span class='ocrx_word' id='word_1_166' title='bbox 297 1881 314 1910; x_wconf 91' lang='lat'>1</span> <span class='ocrx_word' id='word_1_167' title='bbox 340 1876 520 1920; x_wconf 84' lang='lat' dir='ltr'>iniquiore</span> <span class='ocrx_word' id='word_1_168' title='bbox 541 1897 584 1902; x_wconf 89' lang='lat'>-—</span> <span class='ocrx_word' id='word_1_169' title='bbox 607 1876 717 1912; x_wconf 87' lang='lat' dir='ltr'>hodie</span> <span class='ocrx_word' id='word_1_170' title='bbox 748 1888 813 1913; x_wconf 85' lang='lat' dir='ltr'>om.</span> <span class='ocrx_word' id='word_1_171' title='bbox 839 1880 883 1918; x_wconf 83' lang='lat' dir='ltr'>B,</span> <span class='ocrx_word' id='word_1_172' title='bbox 922 1887 1004 1912; x_wconf 89' lang='lat' dir='ltr'>cum</span> <span class='ocrx_word' id='word_1_173' title='bbox 1028 1876 1208 1921; x_wconf 88' lang='lat' dir='ltr'>iniquiore</span> <span class='ocrx_word' id='word_1_174' title='bbox 1234 1880 1295 1912; x_wconf 77' lang='lat' dir='ltr'>etc.</span> <span class='ocrx_word' id='word_1_175' title='bbox 1321 1877 1374 1912; x_wconf 84' lang='lat' dir='ltr'>vel</span> <span class='ocrx_word' id='word_1_176' title='bbox 1398 1888 1462 1911; x_wconf 89' lang='lat' dir='ltr'>cur</span> 
     </span>
     <span class='ocr_line' id='line_1_28' title="bbox 200 1921 1462 1970; baseline -0.001 -13"><span class='ocrx_word' id='word_1_177' title='bbox 200 1923 371 1966; x_wconf 82' lang='lat' dir='ltr'>aequiore</span> <span class='ocrx_word' id='word_1_178' title='bbox 400 1921 454 1957; x_wconf 82' lang='lat' dir='ltr'>Gr</span> <span class='ocrx_word' id='word_1_179' title='bbox 473 1923 484 1967; x_wconf 79' lang='grc' dir='ltr'>ΙΙ</span> <span class='ocrx_word' id='word_1_180' title='bbox 502 1922 630 1970; x_wconf 86' lang='grc'>&lt;11011&gt;</span> <span class='ocrx_word' id='word_1_181' title='bbox 654 1923 711 1958; x_wconf 83' lang='lat' dir='ltr'>Ro</span> <span class='ocrx_word' id='word_1_182' title='bbox 729 1925 741 1967; x_wconf 79' lang='grc' dir='ltr'><em>η</em></span> <span class='ocrx_word' id='word_1_183' title='bbox 760 1935 839 1958; x_wconf 84' lang='lat' dir='ltr'>sum</span> <span class='ocrx_word' id='word_1_184' title='bbox 864 1926 905 1967; x_wconf 86' lang='grc' dir='ltr'>Δ,</span> <span class='ocrx_word' id='word_1_185' title='bbox 931 1933 1019 1958; x_wconf 84' lang='lat' dir='ltr'>corr.</span> <span class='ocrx_word' id='word_1_186' title='bbox 1038 1922 1092 1958; x_wconf 81' lang='lat' dir='ltr'>Gr</span> <span class='ocrx_word' id='word_1_187' title='bbox 1110 1924 1122 1968; x_wconf 93' lang='grc' dir='ltr'>ΙΙ</span> <span class='ocrx_word' id='word_1_188' title='bbox 1140 1927 1161 1958; x_wconf 82' lang='grc'><strong>2</strong></span> <span class='ocrx_word' id='word_1_189' title='bbox 1187 1923 1281 1969; x_wconf 84' lang='lat' dir='ltr'>tum]</span> <span class='ocrx_word' id='word_1_190' title='bbox 1308 1934 1390 1958; x_wconf 89' lang='lat' dir='ltr'>cum</span> <span class='ocrx_word' id='word_1_191' title='bbox 1415 1927 1437 1956; x_wconf 88' lang='lat' dir='ltr'>c</span> <span class='ocrx_word' id='word_1_192' title='bbox 1450 1923 1462 1969; x_wconf 75' lang='grc' dir='ltr'>Η</span> 
     </span>
     <span class='ocr_line' id='line_1_29' title="bbox 198 1967 1461 2016; baseline 0.001 -13"><span class='ocrx_word' id='word_1_193' title='bbox 198 1967 354 2016; x_wconf 84' lang='lat' dir='ltr'>&lt;r&gt;eum</span> <span class='ocrx_word' id='word_1_194' title='bbox 373 1969 436 2003; x_wconf 79' lang='lat' dir='ltr'>Bu</span> <span class='ocrx_word' id='word_1_195' title='bbox 455 1970 466 2013; x_wconf 70' lang='lat' dir='ltr'>l}</span> <span class='ocrx_word' id='word_1_196' title='bbox 487 1974 575 2005; x_wconf 90' lang='lat'>1—3</span> <span class='ocrx_word' id='word_1_197' title='bbox 603 1980 750 2005; x_wconf 84' lang='lat' dir='ltr'>causam</span> <span class='ocrx_word' id='word_1_198' title='bbox 777 1981 809 2013; x_wconf 86' lang='lat' dir='ltr'>q.</span> <span class='ocrx_word' id='word_1_199' title='bbox 838 1981 870 2004; x_wconf 87' lang='lat' dir='ltr'>a.</span> <span class='ocrx_word' id='word_1_200' title='bbox 898 1970 930 2004; x_wconf 87' lang='lat' dir='ltr'>d.</span> <span class='ocrx_word' id='word_1_201' title='bbox 956 1971 984 2004; x_wconf 88' lang='lat' dir='ltr'>t.</span> <span class='ocrx_word' id='word_1_202' title='bbox 1011 1970 1044 2005; x_wconf 88' lang='lat' dir='ltr'>d.</span> <span class='ocrx_word' id='word_1_203' title='bbox 1072 1980 1101 2004; x_wconf 91' lang='lat' dir='ltr'>e.</span> <span class='ocrx_word' id='word_1_204' title='bbox 1129 1981 1158 2005; x_wconf 87' lang='lat' dir='ltr'>c.</span> <span class='ocrx_word' id='word_1_205' title='bbox 1184 1981 1218 2004; x_wconf 86' lang='grc'>11.</span> <span class='ocrx_word' id='word_1_206' title='bbox 1240 1979 1273 2004; x_wconf 90' lang='grc'>0.</span> <span class='ocrx_word' id='word_1_207' title='bbox 1292 1981 1326 2015; x_wconf 89' lang='lat' dir='ltr'>p.</span> <span class='ocrx_word' id='word_1_208' title='bbox 1352 1969 1461 2004; x_wconf 89' lang='lat' dir='ltr'>hodie</span> 
     </span>
     <span class='ocr_line' id='line_1_30' title="bbox 198 2015 1461 2061; baseline 0 -11"><span class='ocrx_word' id='word_1_209' title='bbox 198 2026 264 2050; x_wconf 86' lang='lat' dir='ltr'>om.</span> <span class='ocrx_word' id='word_1_210' title='bbox 285 2018 337 2049; x_wconf 78' lang='lat' dir='ltr'>Aa</span> <span class='ocrx_word' id='word_1_211' title='bbox 356 2016 367 2059; x_wconf 80' lang='grc' dir='ltr'>ΙΙ</span> <span class='ocrx_word' id='word_1_212' title='bbox 386 2020 407 2049; x_wconf 90' lang='grc'>4</span> <span class='ocrx_word' id='word_1_213' title='bbox 434 2015 653 2051; x_wconf 85' lang='lat' dir='ltr'>sententiam</span> <span class='ocrx_word' id='word_1_214' title='bbox 678 2019 704 2050; x_wconf 84' lang='lat' dir='ltr'>B</span> <span class='ocrx_word' id='word_1_215' title='bbox 725 2018 735 2061; x_wconf 80' lang='grc' dir='ltr'>Η</span> <span class='ocrx_word' id='word_1_216' title='bbox 754 2016 927 2051; x_wconf 82' lang='lat' dir='ltr'>tulissent</span> <span class='ocrx_word' id='word_1_217' title='bbox 951 2020 973 2050; x_wconf 84' lang='lat' dir='ltr'>c</span> <span class='ocrx_word' id='word_1_218' title='bbox 1004 2018 1015 2061; x_wconf 75' lang='grc' dir='ltr'>ΙΙ</span> <span class='ocrx_word' id='word_1_219' title='bbox 1046 2020 1066 2051; x_wconf 91' lang='grc'>5</span> <span class='ocrx_word' id='word_1_220' title='bbox 1092 2016 1155 2060; x_wconf 89' lang='lat' dir='ltr'>qui</span> <span class='ocrx_word' id='word_1_221' title='bbox 1179 2019 1205 2049; x_wconf 82' lang='lat' dir='ltr'>P</span> <span class='ocrx_word' id='word_1_222' title='bbox 1224 2017 1235 2061; x_wconf 75' lang='grc' dir='ltr'>ΙΙ</span> <span class='ocrx_word' id='word_1_223' title='bbox 1253 2015 1461 2061; x_wconf 84' lang='lat' dir='ltr'>pronuntia-</span> 
     </span>
     <span class='ocr_line' id='line_1_31' title="bbox 197 2062 1459 2107; baseline 0 -12"><span class='ocrx_word' id='word_1_224' title='bbox 197 2063 331 2095; x_wconf 84' lang='lat' dir='ltr'>verunt</span> <span class='ocrx_word' id='word_1_225' title='bbox 354 2065 380 2095; x_wconf 82' lang='lat'>1³</span> <span class='ocrx_word' id='word_1_226' title='bbox 404 2062 415 2106; x_wconf 74' lang='lat' dir='ltr'>fl</span> <span class='ocrx_word' id='word_1_227' title='bbox 440 2066 461 2097; x_wconf 85' lang='lat'>8</span> <span class='ocrx_word' id='word_1_228' title='bbox 487 2063 575 2106; x_wconf 90' lang='lat' dir='ltr'>quid</span> <span class='ocrx_word' id='word_1_229' title='bbox 599 2065 657 2098; x_wconf 70' lang='lat' dir='ltr'>Bc</span> <span class='ocrx_word' id='word_1_230' title='bbox 676 2064 687 2107; x_wconf 81' lang='grc' dir='ltr'>ΙΙ</span> <span class='ocrx_word' id='word_1_231' title='bbox 713 2062 928 2097; x_wconf 83' lang='lat' dir='ltr'>iniuriosum</span> <span class='ocrx_word' id='word_1_232' title='bbox 952 2066 978 2096; x_wconf 80' lang='grc' dir='ltr'><strong>Ρ</strong></span> <span class='ocrx_word' id='word_1_233' title='bbox 1003 2065 1014 2107; x_wconf 81' lang='grc' dir='ltr'>ΙΙ</span> <span class='ocrx_word' id='word_1_234' title='bbox 1040 2067 1083 2097; x_wconf 91' lang='grc'>10</span> <span class='ocrx_word' id='word_1_235' title='bbox 1108 2062 1286 2097; x_wconf 87' lang='lat' dir='ltr'>iudicium</span> <span class='ocrx_word' id='word_1_236' title='bbox 1310 2064 1362 2095; x_wconf 69' lang='lat' dir='ltr'>Aa</span> <span class='ocrx_word' id='word_1_237' title='bbox 1385 2062 1396 2105; x_wconf 85' lang='grc' dir='ltr'>ΙΙ</span> <span class='ocrx_word' id='word_1_238' title='bbox 1417 2065 1459 2096; x_wconf 87' lang='grc'>11</span> 
     </span>
     <span class='ocr_line' id='line_1_32' title="bbox 197 2106 1462 2154; baseline 0.001 -13"><span class='ocrx_word' id='word_1_239' title='bbox 197 2106 364 2154; x_wconf 85' lang='lat' dir='ltr'>(fu&gt;erit</span> <span class='ocrx_word' id='word_1_240' title='bbox 387 2108 444 2144; x_wconf 86' lang='lat' dir='ltr'>Ro</span> <span class='ocrx_word' id='word_1_241' title='bbox 468 2110 478 2152; x_wconf 81' lang='grc' dir='ltr'>ΙΙ</span> <span class='ocrx_word' id='word_1_242' title='bbox 506 2113 548 2144; x_wconf 85' lang='grc'>13</span> <span class='ocrx_word' id='word_1_243' title='bbox 574 2121 612 2144; x_wconf 90' lang='lat' dir='ltr'>re</span> <span class='ocrx_word' id='word_1_244' title='bbox 637 2112 667 2143; x_wconf 82' lang='grc' dir='ltr'><strong>Δ</strong></span> <span class='ocrx_word' id='word_1_245' title='bbox 691 2110 702 2153; x_wconf 81' lang='grc' dir='ltr'>Η</span> <span class='ocrx_word' id='word_1_246' title='bbox 732 2113 774 2143; x_wconf 87' lang='grc'>14</span> <span class='ocrx_word' id='word_1_247' title='bbox 799 2109 974 2144; x_wconf 88' lang='lat' dir='ltr'>iudicium</span> <span class='ocrx_word' id='word_1_248' title='bbox 999 2113 1029 2143; x_wconf 76' lang='lat' dir='ltr'>A</span> <span class='ocrx_word' id='word_1_249' title='bbox 1047 2110 1059 2154; x_wconf 80' lang='lat' dir='ltr'>fl</span> <span class='ocrx_word' id='word_1_250' title='bbox 1079 2113 1121 2144; x_wconf 89' lang='lat'>18</span> <span class='ocrx_word' id='word_1_251' title='bbox 1147 2108 1205 2143; x_wconf 86' lang='lat' dir='ltr'>aff.</span> <span class='ocrx_word' id='word_1_252' title='bbox 1225 2108 1278 2143; x_wconf 90' lang='lat' dir='ltr'>rei</span> <span class='ocrx_word' id='word_1_253' title='bbox 1301 2107 1462 2152; x_wconf 80' lang='lat' dir='ltr'>tyranni-</span> 
     </span>
    </p>
   </div>
   <div class='ocr_carea' id='block_1_8' title="bbox 196 2157 1463 2259">
    <p class='ocr_par' dir='ltr' id='par_1_10' title="bbox 196 2157 1463 2259">
     <span class='ocr_line' id='line_1_33' title="bbox 199 2157 1462 2211; baseline 0 -11"><span class='ocrx_word' id='word_1_254' title='bbox 199 2165 288 2200; x_wconf 71' lang='lat' dir='ltr'>cidis</span> <span class='ocrx_word' id='word_1_255' title='bbox 315 2165 365 2200; x_wconf 72' lang='lat' dir='ltr'>sit</span> <span class='ocrx_word' id='word_1_256' title='bbox 383 2169 409 2199; x_wconf 73' lang='grc'>1»</span> <span class='ocrx_word' id='word_1_257' title='bbox 427 2167 439 2211; x_wconf 71' lang='grc' dir='ltr'><strong>ῃ</strong></span> <span class='ocrx_word' id='word_1_258' title='bbox 459 2171 502 2201; x_wconf 82' lang='lat'>20</span> <span class='ocrx_word' id='word_1_259' title='bbox 522 2157 851 2211; x_wconf 58' lang='grc' dir='ltr'>αῆ.ἑῖ1γι.13ῃ23</span> <span class='ocrx_word' id='word_1_260' title='bbox 877 2166 1008 2201; x_wconf 66' lang='lat' dir='ltr'>dubius</span> <span class='ocrx_word' id='word_1_261' title='bbox 1033 2166 1172 2201; x_wconf 72' lang='lat' dir='ltr'>iudices</span> <span class='ocrx_word' id='word_1_262' title='bbox 1196 2169 1223 2199; x_wconf 78' lang='lat' dir='ltr'>B</span> <span class='ocrx_word' id='word_1_263' title='bbox 1242 2167 1253 2211; x_wconf 76' lang='grc' dir='ltr'>ιι</span> <span class='ocrx_word' id='word_1_264' title='bbox 1271 2165 1462 2210; x_wconf 75' lang='lat' dir='ltr'>poeniten-</span> 
     </span>
     <span class='ocr_line' id='line_1_34' title="bbox 196 2211 1463 2259; baseline 0.002 -13"><span class='ocrx_word' id='word_1_265' title='bbox 196 2212 272 2247; x_wconf 88' lang='lat' dir='ltr'>tiae</span> <span class='ocrx_word' id='word_1_266' title='bbox 299 2215 342 2255; x_wconf 76' lang='grc' dir='ltr'>σς</span> <span class='ocrx_word' id='word_1_267' title='bbox 370 2223 442 2257; x_wconf 87' lang='lat' dir='ltr'>quo</span> <span class='ocrx_word' id='word_1_268' title='bbox 467 2213 539 2248; x_wconf 86' lang='lat' dir='ltr'>iuv.</span> <span class='ocrx_word' id='word_1_269' title='bbox 559 2216 647 2249; x_wconf 85' lang='lat' dir='ltr'>tem.</span> <span class='ocrx_word' id='word_1_270' title='bbox 674 2213 900 2259; x_wconf 84' lang='lat' dir='ltr'>itpenentiae</span> <span class='ocrx_word' id='word_1_271' title='bbox 924 2224 1038 2258; x_wconf 85' lang='lat' dir='ltr'>remp.</span> <span class='ocrx_word' id='word_1_272' title='bbox 1062 2215 1088 2246; x_wconf 85' lang='lat' dir='ltr'>B</span> <span class='ocrx_word' id='word_1_273' title='bbox 1109 2214 1119 2257; x_wconf 90' lang='grc' dir='ltr'>ΙΙ</span> <span class='ocrx_word' id='word_1_274' title='bbox 1139 2215 1182 2247; x_wconf 81' lang='grc'>25</span> <span class='ocrx_word' id='word_1_275' title='bbox 1201 2211 1384 2258; x_wconf 84' lang='lat' dir='ltr'>&lt;populi&gt;</span> <span class='ocrx_word' id='word_1_276' title='bbox 1408 2211 1463 2248; x_wconf 82' lang='lat' dir='ltr'>Gr</span> 
     </span>
    </p>
   </div>
  </div>
 </body>
</html>
