<?xml version="1.0" encoding="UTF-8"?>
<!DOCTYPE html PUBLIC "-//W3C//DTD XHTML 1.0 Transitional//EN"
    "http://www.w3.org/TR/xhtml1/DTD/xhtml1-transitional.dtd">
<html xmlns="http://www.w3.org/1999/xhtml" xml:lang="en" lang="en">
 <head>
  <title>
</title>
<meta http-equiv="Content-Type" content="text/html;charset=utf-8" />
  <meta name='ocr-system' content='tesseract 3.04.00' />
  <meta name='ocr-capabilities' content='ocr_page ocr_carea ocr_par ocr_line ocrx_word'/>
</head>
<body>
  <div class='ocr_page' id='page_1' title='image "./declamationesqua00quinuoft_0378.png"; bbox 0 0 1578 2470; ppageno 0'>
   <div class='ocr_carea' id='block_1_1' title="bbox 202 525 222 555">
    <p class='ocr_par' dir='ltr' id='par_1_1' title="bbox 202 525 222 555">
     <span class='ocr_line' id='line_1_1' title="bbox 202 525 222 555; baseline 0 0"><span class='ocrx_word' id='word_1_1' title='bbox 202 525 222 555; x_wconf 84' lang='lat'>5</span> 
     </span>
    </p>
   </div>
   <div class='ocr_carea' id='block_1_2' title="bbox 179 849 222 880">
    <p class='ocr_par' dir='ltr' id='par_1_2' title="bbox 179 849 222 880">
     <span class='ocr_line' id='line_1_2' title="bbox 179 849 222 880; baseline 0.023 -1"><span class='ocrx_word' id='word_1_2' title='bbox 179 849 222 880; x_wconf 89' lang='lat'>10</span> 
     </span>
    </p>
   </div>
   <div class='ocr_carea' id='block_1_3' title="bbox 179 1137 221 1169">
    <p class='ocr_par' dir='ltr' id='par_1_3' title="bbox 179 1137 221 1169">
     <span class='ocr_line' id='line_1_3' title="bbox 179 1137 221 1169; baseline 0.024 -1"><span class='ocrx_word' id='word_1_3' title='bbox 179 1137 221 1169; x_wconf 86' lang='lat'>15</span> 
     </span>
    </p>
   </div>
   <div class='ocr_carea' id='block_1_4' title="bbox 177 1428 221 1458">
    <p class='ocr_par' dir='ltr' id='par_1_4' title="bbox 177 1428 221 1458">
     <span class='ocr_line' id='line_1_4' title="bbox 177 1428 221 1458; baseline 0 0"><span class='ocrx_word' id='word_1_4' title='bbox 177 1428 221 1458; x_wconf 80' lang='lat'>20</span> 
     </span>
    </p>
   </div>
   <div class='ocr_carea' id='block_1_5' title="bbox 175 1716 219 1747">
    <p class='ocr_par' dir='ltr' id='par_1_5' title="bbox 175 1716 219 1747">
     <span class='ocr_line' id='line_1_5' title="bbox 175 1716 219 1747; baseline 0 0"><span class='ocrx_word' id='word_1_5' title='bbox 175 1716 219 1747; x_wconf 83' lang='lat'>25</span> 
     </span>
    </p>
   </div>
   <div class='ocr_carea' id='block_1_6' title="bbox 249 117 1026 162">
    <p class='ocr_par' dir='ltr' id='par_1_6' title="bbox 249 117 1026 162">
     <span class='ocr_line' id='line_1_6' title="bbox 249 117 1026 162; baseline -0.003 -3"><span class='ocrx_word' id='word_1_6' title='bbox 249 117 334 159; x_wconf 83' lang='lat'>342</span> <span class='ocrx_word' id='word_1_7' title='bbox 727 119 1026 162; x_wconf 82' lang='lat' dir='ltr'><strong>QUINTILIANI</strong></span> 
     </span>
    </p>
   </div>
   <div class='ocr_carea' id='block_1_7' title="bbox 586 236 1170 371">
    <p class='ocr_par' dir='ltr' id='par_1_7' title="bbox 586 236 1170 371">
     <span class='ocr_line' id='line_1_7' title="bbox 778 236 987 280; baseline 0 0"><span class='ocrx_word' id='word_1_8' title='bbox 778 236 987 280; x_wconf 80' lang='lat' dir='ltr'>GOGXL.</span> 
     </span>
     <span class='ocr_line' id='line_1_8' title="bbox 586 316 1170 371; baseline 0.005 -13"><span class='ocrx_word' id='word_1_9' title='bbox 586 316 800 360; x_wconf 86' lang='lat' dir='ltr'>Novitius</span> <span class='ocrx_word' id='word_1_10' title='bbox 830 317 1170 371; x_wconf 80' lang='lat' dir='ltr'>praetextatus.</span> 
     </span>
    </p>
   </div>
   <div class='ocr_carea' id='block_1_8' title="bbox 249 397 1505 512">
    <p class='ocr_par' dir='ltr' id='par_1_8' title="bbox 249 397 1505 512">
     <span class='ocr_line' id='line_1_9' title="bbox 249 397 1505 454; baseline 0.002 -15"><span class='ocrx_word' id='word_1_11' title='bbox 249 397 333 447; x_wconf 81' lang='lat' dir='ltr'>Qm</span> <span class='ocrx_word' id='word_1_12' title='bbox 382 409 659 440; x_wconf 79' lang='lat' dir='ltr'>VOLUNTATE</span> <span class='ocrx_word' id='word_1_13' title='bbox 707 410 876 441; x_wconf 79' lang='lat' dir='ltr'>DOMINI</span> <span class='ocrx_word' id='word_1_14' title='bbox 924 411 972 440; x_wconf 77' lang='lat' dir='ltr'>IN</span> <span class='ocrx_word' id='word_1_15' title='bbox 1021 410 1279 441; x_wconf 77' lang='lat' dir='ltr'><strong>LIBERTATE</strong></span> <span class='ocrx_word' id='word_1_16' title='bbox 1323 411 1505 454; x_wconf 76' lang='lat' dir='ltr'>FUERIT,</span> 
     </span>
     <span class='ocr_line' id='line_1_10' title="bbox 364 455 1503 512; baseline 0.003 -15"><span class='ocrx_word' id='word_1_17' title='bbox 364 467 506 497; x_wconf 81' lang='lat' dir='ltr'><strong>LIBER</strong></span> <span class='ocrx_word' id='word_1_18' title='bbox 543 467 624 498; x_wconf 82' lang='lat' dir='ltr'><strong>SIT.</strong></span> <span class='ocrx_word' id='word_1_19' title='bbox 683 455 842 511; x_wconf 74' lang='lat' dir='ltr'>Mang‘o</span> <span class='ocrx_word' id='word_1_20' title='bbox 877 457 1086 498; x_wconf 88' lang='lat' dir='ltr'>novitium</span> <span class='ocrx_word' id='word_1_21' title='bbox 1116 472 1294 512; x_wconf 88' lang='lat' dir='ltr'>puerum</span> <span class='ocrx_word' id='word_1_22' title='bbox 1323 472 1399 512; x_wconf 90' lang='lat' dir='ltr'>per</span> <span class='ocrx_word' id='word_1_23' title='bbox 1429 473 1503 512; x_wconf 92' lang='lat' dir='ltr'>pu-</span> 
     </span>
    </p>
   </div>
   <div class='ocr_carea' id='block_1_9' title="bbox 365 514 1503 613">
    <p class='ocr_par' dir='ltr' id='par_1_9' title="bbox 365 514 1503 613">
     <span class='ocr_line' id='line_1_11' title="bbox 365 514 1503 612; baseline 0.003 -58"><span class='ocrx_word' id='word_1_24' title='bbox 365 514 554 612; x_wconf 55' lang='lat' dir='ltr'>}{llieanos</span> <span class='ocrx_word' id='word_1_25' title='bbox 591 515 813 556; x_wconf 85' lang='lat' dir='ltr'>transiecit</span> <span class='ocrx_word' id='word_1_26' title='bbox 847 517 1174 568; x_wconf 82' lang='lat' dir='ltr'>praetextatum.</span> <span class='ocrx_word' id='word_1_27' title='bbox 1240 515 1393 558; x_wconf 85' lang='lat' dir='ltr'>dieitur</span> <span class='ocrx_word' id='word_1_28' title='bbox 1429 516 1503 557; x_wconf 87' lang='lat' dir='ltr'>ille</span> 
     </span>
     <span class='ocr_line' id='line_1_12' title="bbox 381 586 482 613; baseline 0.01 -1"><span class='ocrx_word' id='word_1_29' title='bbox 381 586 394 612; x_wconf 91' lang='lat'><strong>1</strong></span> <span class='ocrx_word' id='word_1_30' title='bbox 429 586 482 613; x_wconf 87' lang='lat' dir='ltr'>er.</span> 
     </span>
    </p>
   </div>
   <div class='ocr_carea' id='block_1_10' title="bbox 657 639 1098 683">
    <p class='ocr_par' dir='ltr' id='par_1_10' title="bbox 657 639 1098 683">
     <span class='ocr_line' id='line_1_13' title="bbox 657 639 1098 683; baseline 0.002 -1"><span class='ocrx_word' id='word_1_31' title='bbox 657 639 1098 683; x_wconf 80' lang='lat' dir='ltr'><strong>DEOLAMATIO.</strong></span> 
     </span>
    </p>
   </div>
   <div class='ocr_carea' id='block_1_11' title="bbox 244 722 1506 1875">
    <p class='ocr_par' dir='ltr' id='par_1_11' title="bbox 247 722 1505 822">
     <span class='ocr_line' id='line_1_14' title="bbox 336 722 1505 778; baseline 0.002 -15"><span class='ocrx_word' id='word_1_32' title='bbox 336 722 427 771; x_wconf 81' lang='lat' dir='ltr'>Qui</span> <span class='ocrx_word' id='word_1_33' title='bbox 452 722 720 763; x_wconf 84' lang='lat' dir='ltr'>voluntate</span> <span class='ocrx_word' id='word_1_34' title='bbox 751 722 942 764; x_wconf 87' lang='lat' dir='ltr'>domini</span> <span class='ocrx_word' id='word_1_35' title='bbox 973 722 1024 763; x_wconf 92' lang='lat' dir='ltr'>in</span> <span class='ocrx_word' id='word_1_36' title='bbox 1054 722 1298 765; x_wconf 82' lang='lat' dir='ltr'>libertate</span> <span class='ocrx_word' id='word_1_37' title='bbox 1329 722 1505 778; x_wconf 83' lang='lat' dir='ltr'>fuerit,</span> 
     </span>
     <span class='ocr_line' id='line_1_15' title="bbox 247 780 491 822; baseline 0 -1"><span class='ocrx_word' id='word_1_38' title='bbox 247 780 381 822; x_wconf 86' lang='lat' dir='ltr'>liber</span> <span class='ocrx_word' id='word_1_39' title='bbox 413 780 491 821; x_wconf 88' lang='lat' dir='ltr'>sit.</span> 
     </span>
    </p>

    <p class='ocr_par' dir='ltr' id='par_1_12' title="bbox 244 837 1506 1875">
     <span class='ocr_line' id='line_1_16' title="bbox 336 837 1502 892; baseline 0.001 -13"><span class='ocrx_word' id='word_1_40' title='bbox 336 837 629 886; x_wconf 82' lang='lat' dir='ltr'>Quaerendum</span> <span class='ocrx_word' id='word_1_41' title='bbox 656 840 720 878; x_wconf 78' lang='lat' dir='ltr'>est</span> <span class='ocrx_word' id='word_1_42' title='bbox 743 838 878 892; x_wconf 81' lang='lat' dir='ltr'>nobis,</span> <span class='ocrx_word' id='word_1_43' title='bbox 904 837 1005 892; x_wconf 90' lang='lat' dir='ltr'>quid</span> <span class='ocrx_word' id='word_1_44' title='bbox 1031 838 1086 878; x_wconf 86' lang='lat' dir='ltr'>sit</span> <span class='ocrx_word' id='word_1_45' title='bbox 1109 837 1154 879; x_wconf 89' lang='lat' dir='ltr'>in</span> <span class='ocrx_word' id='word_1_46' title='bbox 1178 837 1377 880; x_wconf 80' lang='lat' dir='ltr'>libertate</span> <span class='ocrx_word' id='word_1_47' title='bbox 1398 853 1502 880; x_wconf 81' lang='lat' dir='ltr'>esse.</span> 
     </span>
     <span class='ocr_line' id='line_1_17' title="bbox 245 895 1506 950; baseline 0.002 -14"><span class='ocrx_word' id='word_1_48' title='bbox 245 897 495 949; x_wconf 83' lang='lat' dir='ltr'>„voluntate</span> <span class='ocrx_word' id='word_1_49' title='bbox 533 895 692 937; x_wconf 89' lang='lat' dir='ltr'>domini</span> <span class='ocrx_word' id='word_1_50' title='bbox 728 899 793 937; x_wconf 81' lang='lat' dir='ltr'>est</span> <span class='ocrx_word' id='word_1_51' title='bbox 828 896 872 936; x_wconf 90' lang='lat' dir='ltr'>in</span> <span class='ocrx_word' id='word_1_52' title='bbox 906 895 1122 950; x_wconf 82' lang='lat' dir='ltr'>libertate,</span> <span class='ocrx_word' id='word_1_53' title='bbox 1162 896 1235 950; x_wconf 79' lang='lat' dir='ltr'>qui</span> <span class='ocrx_word' id='word_1_54' title='bbox 1264 909 1306 937; x_wconf 85' lang='lat' dir='ltr'>eo</span> <span class='ocrx_word' id='word_1_55' title='bbox 1337 896 1506 938; x_wconf 86' lang='lat' dir='ltr'>volente</span> 
     </span>
     <span class='ocr_line' id='line_1_18' title="bbox 246 953 1506 996; baseline 0 -1"><span class='ocrx_word' id='word_1_56' title='bbox 246 955 354 995; x_wconf 87' lang='lat' dir='ltr'>liber</span> <span class='ocrx_word' id='word_1_57' title='bbox 393 955 497 996; x_wconf 87' lang='lat' dir='ltr'>est.“</span> <span class='ocrx_word' id='word_1_58' title='bbox 563 967 641 994; x_wconf 84' lang='lat' dir='ltr'>nos</span> <span class='ocrx_word' id='word_1_59' title='bbox 678 953 847 994; x_wconf 85' lang='lat' dir='ltr'>finimus</span> <span class='ocrx_word' id='word_1_60' title='bbox 886 953 966 994; x_wconf 88' lang='lat' dir='ltr'>ita:</span> <span class='ocrx_word' id='word_1_61' title='bbox 1007 954 1229 995; x_wconf 81' lang='lat' dir='ltr'>voluntate</span> <span class='ocrx_word' id='word_1_62' title='bbox 1266 954 1426 995; x_wconf 92' lang='lat' dir='ltr'>domini</span> <span class='ocrx_word' id='word_1_63' title='bbox 1461 954 1506 995; x_wconf 90' lang='lat' dir='ltr'>in</span> 
     </span>
     <span class='ocr_line' id='line_1_19' title="bbox 245 1011 1503 1065; baseline 0.001 -13"><span class='ocrx_word' id='word_1_64' title='bbox 245 1012 443 1053; x_wconf 83' lang='lat' dir='ltr'>libertate</span> <span class='ocrx_word' id='word_1_65' title='bbox 481 1014 562 1064; x_wconf 87' lang='lat' dir='ltr'>est,</span> <span class='ocrx_word' id='word_1_66' title='bbox 605 1012 676 1065; x_wconf 90' lang='lat' dir='ltr'>qui</span> <span class='ocrx_word' id='word_1_67' title='bbox 719 1012 785 1052; x_wconf 83' lang='lat' dir='ltr'>ius</span> <span class='ocrx_word' id='word_1_68' title='bbox 825 1011 1036 1052; x_wconf 74' lang='lat' dir='ltr'><strong>libertatis</strong></span> <span class='ocrx_word' id='word_1_69' title='bbox 1074 1011 1296 1065; x_wconf 81' lang='lat' dir='ltr'>usurpavit</span> <span class='ocrx_word' id='word_1_70' title='bbox 1332 1011 1503 1053; x_wconf 90' lang='lat' dir='ltr'>domino</span> 
     </span>
     <span class='ocr_line' id='line_1_20' title="bbox 245 1068 1506 1124; baseline -0.001 -13"><span class='ocrx_word' id='word_1_71' title='bbox 245 1070 428 1111; x_wconf 85' lang='lat' dir='ltr'>volente.</span> <span class='ocrx_word' id='word_1_72' title='bbox 484 1069 532 1110; x_wconf 85' lang='lat' dir='ltr'>Id</span> <span class='ocrx_word' id='word_1_73' title='bbox 562 1069 747 1122; x_wconf 87' lang='lat' dir='ltr'>primum</span> <span class='ocrx_word' id='word_1_74' title='bbox 784 1069 941 1122; x_wconf 82' lang='lat' dir='ltr'>scripto</span> <span class='ocrx_word' id='word_1_75' title='bbox 979 1069 1073 1123; x_wconf 85' lang='lat' dir='ltr'>ipso</span> <span class='ocrx_word' id='word_1_76' title='bbox 1111 1068 1370 1124; x_wconf 85' lang='lat' dir='ltr'>colligemus.</span> <span class='ocrx_word' id='word_1_77' title='bbox 1419 1083 1506 1110; x_wconf 90' lang='lat' dir='ltr'>non</span> 
     </span>
     <span class='ocr_line' id='line_1_21' title="bbox 248 1126 1505 1180; baseline 0 -12"><span class='ocrx_word' id='word_1_78' title='bbox 248 1127 358 1168; x_wconf 91' lang='lat' dir='ltr'>enim</span> <span class='ocrx_word' id='word_1_79' title='bbox 391 1126 564 1168; x_wconf 76' lang='lat' dir='ltr'>difficile</span> <span class='ocrx_word' id='word_1_80' title='bbox 595 1126 678 1167; x_wconf 87' lang='lat' dir='ltr'>fuit</span> <span class='ocrx_word' id='word_1_81' title='bbox 709 1126 765 1180; x_wconf 85' lang='lat' dir='ltr'>ei,</span> <span class='ocrx_word' id='word_1_82' title='bbox 797 1127 868 1180; x_wconf 90' lang='lat' dir='ltr'>qui</span> <span class='ocrx_word' id='word_1_83' title='bbox 898 1127 1008 1167; x_wconf 82' lang='lat' dir='ltr'>hano</span> <span class='ocrx_word' id='word_1_84' title='bbox 1040 1126 1178 1180; x_wconf 84' lang='lat' dir='ltr'>legem</span> <span class='ocrx_word' id='word_1_85' title='bbox 1211 1126 1505 1180; x_wconf 76' lang='lat' dir='ltr'><strong>componebat,</strong></span> 
     </span>
     <span class='ocr_line' id='line_1_22' title="bbox 245 1184 1505 1238; baseline 0 -12"><span class='ocrx_word' id='word_1_86' title='bbox 245 1185 288 1226; x_wconf 86' lang='lat' dir='ltr'>id</span> <span class='ocrx_word' id='word_1_87' title='bbox 334 1185 537 1226; x_wconf 83' lang='lat' dir='ltr'>scribere:</span> <span class='ocrx_word' id='word_1_88' title='bbox 591 1184 705 1238; x_wconf 90' lang='lat' dir='ltr'>»qui</span> <span class='ocrx_word' id='word_1_89' title='bbox 753 1184 1020 1225; x_wconf 86' lang='lat' dir='ltr'>voluntate</span> <span class='ocrx_word' id='word_1_90' title='bbox 1064 1184 1251 1225; x_wconf 89' lang='lat' dir='ltr'>domini</span> <span class='ocrx_word' id='word_1_91' title='bbox 1292 1184 1400 1225; x_wconf 89' lang='lat' dir='ltr'>liber</span> <span class='ocrx_word' id='word_1_92' title='bbox 1442 1184 1505 1226; x_wconf 87' lang='lat' dir='ltr'>fu-</span> 
     </span>
     <span class='ocr_line' id='line_1_23' title="bbox 246 1241 1504 1296; baseline 0 -12"><span class='ocrx_word' id='word_1_93' title='bbox 246 1243 429 1296; x_wconf 77' lang='lat' dir='ltr'>&lt;er&gt;it«z</span> <span class='ocrx_word' id='word_1_94' title='bbox 473 1256 584 1283; x_wconf 87' lang='lat' dir='ltr'>nune</span> <span class='ocrx_word' id='word_1_95' title='bbox 620 1241 703 1283; x_wconf 85' lang='lat' dir='ltr'>hoc</span> <span class='ocrx_word' id='word_1_96' title='bbox 741 1242 980 1283; x_wconf 83' lang='lat' dir='ltr'>scribendo:</span> <span class='ocrx_word' id='word_1_97' title='bbox 1022 1242 1123 1296; x_wconf 90' lang='lat' dir='ltr'>»qui</span> <span class='ocrx_word' id='word_1_98' title='bbox 1166 1241 1215 1282; x_wconf 93' lang='lat' dir='ltr'>in</span> <span class='ocrx_word' id='word_1_99' title='bbox 1258 1241 1504 1284; x_wconf 85' lang='lat' dir='ltr'>libertate</span> 
     </span>
     <span class='ocr_line' id='line_1_24' title="bbox 245 1299 1506 1354; baseline 0 -13"><span class='ocrx_word' id='word_1_100' title='bbox 245 1300 442 1354; x_wconf 84' lang='lat' dir='ltr'>fuerit,«</span> <span class='ocrx_word' id='word_1_101' title='bbox 475 1300 578 1341; x_wconf 82' lang='lat' dir='ltr'>satis</span> <span class='ocrx_word' id='word_1_102' title='bbox 610 1299 807 1352; x_wconf 84' lang='lat' dir='ltr'><strong>ostendit,</strong></span> <span class='ocrx_word' id='word_1_103' title='bbox 839 1299 951 1340; x_wconf 88' lang='lat' dir='ltr'>aliud</span> <span class='ocrx_word' id='word_1_104' title='bbox 983 1313 1074 1340; x_wconf 85' lang='lat' dir='ltr'>esse</span> <span class='ocrx_word' id='word_1_105' title='bbox 1104 1299 1150 1340; x_wconf 93' lang='lat' dir='ltr'>in</span> <span class='ocrx_word' id='word_1_106' title='bbox 1177 1299 1376 1341; x_wconf 82' lang='lat' dir='ltr'>libertate</span> <span class='ocrx_word' id='word_1_107' title='bbox 1402 1314 1506 1353; x_wconf 81' lang='lat' dir='ltr'>esse,</span> 
     </span>
     <span class='ocr_line' id='line_1_25' title="bbox 248 1357 1503 1413; baseline 0 -14"><span class='ocrx_word' id='word_1_108' title='bbox 248 1359 362 1399; x_wconf 88' lang='lat' dir='ltr'>aliud</span> <span class='ocrx_word' id='word_1_109' title='bbox 392 1359 573 1399; x_wconf 88' lang='lat' dir='ltr'>liberum</span> <span class='ocrx_word' id='word_1_110' title='bbox 606 1371 708 1399; x_wconf 81' lang='lat' dir='ltr'>esse.</span> <span class='ocrx_word' id='word_1_111' title='bbox 746 1357 1022 1398; x_wconf 83' lang='lat' dir='ltr'>Excutiamus</span> <span class='ocrx_word' id='word_1_112' title='bbox 1055 1357 1185 1398; x_wconf 84' lang='lat' dir='ltr'>etiam</span> <span class='ocrx_word' id='word_1_113' title='bbox 1216 1371 1364 1399; x_wconf 83' lang='lat' dir='ltr'><strong>causas</strong></span> <span class='ocrx_word' id='word_1_114' title='bbox 1395 1358 1503 1413; x_wconf 84' lang='lat' dir='ltr'>legis</span> 
     </span>
     <span class='ocr_line' id='line_1_26' title="bbox 247 1415 1505 1469; baseline -0.002 -11"><span class='ocrx_word' id='word_1_115' title='bbox 247 1416 384 1458; x_wconf 82' lang='lat' dir='ltr'>huius.</span> <span class='ocrx_word' id='word_1_116' title='bbox 458 1416 680 1469; x_wconf 85' lang='lat' dir='ltr'>indignum</span> <span class='ocrx_word' id='word_1_117' title='bbox 723 1415 892 1469; x_wconf 86' lang='lat' dir='ltr'>putavit</span> <span class='ocrx_word' id='word_1_118' title='bbox 935 1415 1080 1469; x_wconf 88' lang='lat' dir='ltr'>legum</span> <span class='ocrx_word' id='word_1_119' title='bbox 1122 1415 1235 1457; x_wconf 84' lang='lat' dir='ltr'><strong>lator</strong></span> <span class='ocrx_word' id='word_1_120' title='bbox 1277 1429 1390 1468; x_wconf 88' lang='lat' dir='ltr'>eum,</span> <span class='ocrx_word' id='word_1_121' title='bbox 1433 1415 1505 1469; x_wconf 92' lang='lat' dir='ltr'>qui</span> 
     </span>
     <span class='ocr_line' id='line_1_27' title="bbox 246 1473 1502 1529; baseline -0.002 -13"><span class='ocrx_word' id='word_1_122' title='bbox 246 1475 291 1516; x_wconf 91' lang='lat' dir='ltr'>in</span> <span class='ocrx_word' id='word_1_123' title='bbox 321 1474 582 1529; x_wconf 81' lang='lat' dir='ltr'>†f0rtuna†</span> <span class='ocrx_word' id='word_1_124' title='bbox 614 1474 756 1527; x_wconf 84' lang='lat' dir='ltr'>aliqua</span> <span class='ocrx_word' id='word_1_125' title='bbox 792 1473 854 1514; x_wconf 85' lang='lat' dir='ltr'>rei</span> <span class='ocrx_word' id='word_1_126' title='bbox 891 1473 1102 1527; x_wconf 82' lang='lat' dir='ltr'>publicae,</span> <span class='ocrx_word' id='word_1_127' title='bbox 1139 1473 1211 1527; x_wconf 90' lang='lat' dir='ltr'>qui</span> <span class='ocrx_word' id='word_1_128' title='bbox 1246 1473 1291 1514; x_wconf 92' lang='lat' dir='ltr'>in</span> <span class='ocrx_word' id='word_1_129' title='bbox 1326 1487 1502 1515; x_wconf 89' lang='lat' dir='ltr'>numero</span> 
     </span>
     <span class='ocr_line' id='line_1_28' title="bbox 246 1530 1505 1586; baseline -0.001 -13"><span class='ocrx_word' id='word_1_130' title='bbox 246 1532 434 1573; x_wconf 84' lang='lat' dir='ltr'>civitatis</span> <span class='ocrx_word' id='word_1_131' title='bbox 473 1532 639 1584; x_wconf 82' lang='lat' dir='ltr'>fuisset,</span> <span class='ocrx_word' id='word_1_132' title='bbox 681 1531 875 1586; x_wconf 84' lang='lat' dir='ltr'>redigere</span> <span class='ocrx_word' id='word_1_133' title='bbox 917 1531 962 1571; x_wconf 87' lang='lat' dir='ltr'>in</span> <span class='ocrx_word' id='word_1_134' title='bbox 999 1530 1259 1573; x_wconf 83' lang='lat' dir='ltr'>servitutem.</span> <span class='ocrx_word' id='word_1_135' title='bbox 1310 1531 1380 1572; x_wconf 84' lang='lat' dir='ltr'>sed</span> <span class='ocrx_word' id='word_1_136' title='bbox 1422 1531 1505 1572; x_wconf 83' lang='lat' dir='ltr'>hoo</span> 
     </span>
     <span class='ocr_line' id='line_1_29' title="bbox 245 1588 1504 1644; baseline -0.001 -13"><span class='ocrx_word' id='word_1_137' title='bbox 245 1590 445 1644; x_wconf 85' lang='lat' dir='ltr'>quoniam</span> <span class='ocrx_word' id='word_1_138' title='bbox 486 1590 569 1630; x_wconf 86' lang='lat' dir='ltr'>sibi</span> <span class='ocrx_word' id='word_1_139' title='bbox 607 1589 798 1643; x_wconf 82' lang='lat' dir='ltr'>nequitia</span> <span class='ocrx_word' id='word_1_140' title='bbox 836 1589 1008 1630; x_wconf 86' lang='lat' dir='ltr'>interim</span> <span class='ocrx_word' id='word_1_141' title='bbox 1049 1588 1290 1643; x_wconf 57' lang='lat' dir='ltr'>adserebant,</span> <span class='ocrx_word' id='word_1_142' title='bbox 1339 1588 1504 1642; x_wconf 84' lang='lat' dir='ltr'>adiecit,</span> 
     </span>
     <span class='ocr_line' id='line_1_30' title="bbox 244 1646 1504 1700; baseline -0.001 -12"><span class='ocrx_word' id='word_1_143' title='bbox 244 1651 293 1688; x_wconf 92' lang='lat' dir='ltr'>ut</span> <span class='ocrx_word' id='word_1_144' title='bbox 331 1647 377 1688; x_wconf 89' lang='lat' dir='ltr'>hi</span> <span class='ocrx_word' id='word_1_145' title='bbox 419 1647 572 1688; x_wconf 87' lang='lat' dir='ltr'>liberi</span> <span class='ocrx_word' id='word_1_146' title='bbox 616 1650 805 1699; x_wconf 83' lang='lat' dir='ltr'>essent,</span> <span class='ocrx_word' id='word_1_147' title='bbox 849 1646 931 1700; x_wconf 89' lang='lat' dir='ltr'>qui</span> <span class='ocrx_word' id='word_1_148' title='bbox 967 1647 1017 1687; x_wconf 91' lang='lat' dir='ltr'>in</span> <span class='ocrx_word' id='word_1_149' title='bbox 1047 1647 1296 1688; x_wconf 87' lang='lat' dir='ltr'>libertate</span> <span class='ocrx_word' id='word_1_150' title='bbox 1328 1646 1504 1688; x_wconf 88' lang='lat' dir='ltr'>volun-</span> 
     </span>
     <span class='ocr_line' id='line_1_31' title="bbox 246 1703 1504 1758; baseline -0.002 -11"><span class='ocrx_word' id='word_1_151' title='bbox 246 1707 351 1747; x_wconf 83' lang='lat' dir='ltr'>tate</span> <span class='ocrx_word' id='word_1_152' title='bbox 390 1705 579 1746; x_wconf 90' lang='lat' dir='ltr'>domini</span> <span class='ocrx_word' id='word_1_153' title='bbox 622 1705 854 1745; x_wconf 80' lang='lat' dir='ltr'>fuissent.</span> <span class='ocrx_word' id='word_1_154' title='bbox 915 1704 978 1745; x_wconf 80' lang='lat' dir='ltr'>vis</span> <span class='ocrx_word' id='word_1_155' title='bbox 1016 1704 1141 1758; x_wconf 85' lang='lat' dir='ltr'>scire,</span> <span class='ocrx_word' id='word_1_156' title='bbox 1183 1706 1342 1758; x_wconf 82' lang='lat' dir='ltr'>quanto</span> <span class='ocrx_word' id='word_1_157' title='bbox 1389 1703 1504 1746; x_wconf 83' lang='lat' dir='ltr'>aliud</span> 
     </span>
     <span class='ocr_line' id='line_1_32' title="bbox 247 1761 1504 1815; baseline -0.001 -11"><span class='ocrx_word' id='word_1_158' title='bbox 247 1764 302 1805; x_wconf 88' lang='lat' dir='ltr'>sit</span> <span class='ocrx_word' id='word_1_159' title='bbox 332 1764 376 1804; x_wconf 89' lang='lat' dir='ltr'>in</span> <span class='ocrx_word' id='word_1_160' title='bbox 407 1763 607 1804; x_wconf 84' lang='lat' dir='ltr'>libertate</span> <span class='ocrx_word' id='word_1_161' title='bbox 639 1776 749 1815; x_wconf 85' lang='lat' dir='ltr'>esse,</span> <span class='ocrx_word' id='word_1_162' title='bbox 780 1761 893 1803; x_wconf 87' lang='lat' dir='ltr'>aliud</span> <span class='ocrx_word' id='word_1_163' title='bbox 923 1761 1102 1803; x_wconf 89' lang='lat' dir='ltr'>liberum</span> <span class='ocrx_word' id='word_1_164' title='bbox 1135 1761 1256 1803; x_wconf 76' lang='lat' dir='ltr'>esse?</span> <span class='ocrx_word' id='word_1_165' title='bbox 1286 1776 1363 1802; x_wconf 78' lang='grc' dir='ltr'>-τ</span> <span class='ocrx_word' id='word_1_166' title='bbox 1396 1775 1504 1815; x_wconf 87' lang='lat' dir='ltr'>eum,</span> 
     </span>
     <span class='ocr_line' id='line_1_33' title="bbox 246 1819 1502 1875; baseline -0.002 -13"><span class='ocrx_word' id='word_1_167' title='bbox 246 1821 319 1875; x_wconf 92' lang='lat' dir='ltr'>qui</span> <span class='ocrx_word' id='word_1_168' title='bbox 366 1822 410 1862; x_wconf 92' lang='lat' dir='ltr'>in</span> <span class='ocrx_word' id='word_1_169' title='bbox 455 1821 652 1862; x_wconf 84' lang='lat' dir='ltr'>libertate</span> <span class='ocrx_word' id='word_1_170' title='bbox 704 1820 851 1874; x_wconf 87' lang='lat' dir='ltr'>fuerit,</span> <span class='ocrx_word' id='word_1_171' title='bbox 902 1819 1021 1861; x_wconf 89' lang='lat' dir='ltr'>iubet</span> <span class='ocrx_word' id='word_1_172' title='bbox 1062 1819 1131 1861; x_wconf 86' lang='lat' dir='ltr'>lex</span> <span class='ocrx_word' id='word_1_173' title='bbox 1174 1819 1356 1862; x_wconf 89' lang='lat' dir='ltr'>liberum</span> <span class='ocrx_word' id='word_1_174' title='bbox 1401 1833 1502 1861; x_wconf 82' lang='lat' dir='ltr'>esse.</span> 
     </span>
    </p>
   </div>
   <div class='ocr_carea' id='block_1_12' title="bbox 243 1932 1504 2304">
    <p class='ocr_par' dir='ltr' id='par_1_13' title="bbox 243 1932 1504 2304">
     <span class='ocr_line' id='line_1_34' title="bbox 340 1932 1503 1979; baseline -0.001 -10"><span class='ocrx_word' id='word_1_175' title='bbox 340 1939 361 1969; x_wconf 87' lang='lat'>4</span> <span class='ocrx_word' id='word_1_176' title='bbox 387 1946 521 1979; x_wconf 80' lang='lat' dir='ltr'>magno</span> <span class='ocrx_word' id='word_1_177' title='bbox 547 1937 592 1977; x_wconf 84' lang='grc' dir='ltr'>Δ,</span> <span class='ocrx_word' id='word_1_178' title='bbox 619 1944 727 1979; x_wconf 82' lang='lat' dir='ltr'>mago</span> <span class='ocrx_word' id='word_1_179' title='bbox 746 1936 846 1967; x_wconf 84' lang='lat' dir='ltr'>B-—P</span> <span class='ocrx_word' id='word_1_180' title='bbox 864 1934 875 1978; x_wconf 91' lang='grc' dir='ltr'>ΙΙ</span> <span class='ocrx_word' id='word_1_181' title='bbox 894 1937 985 1968; x_wconf 83' lang='grc'>4-5</span> <span class='ocrx_word' id='word_1_182' title='bbox 999 1933 1149 1977; x_wconf 79' lang='lat' dir='ltr'>publica</span> <span class='ocrx_word' id='word_1_183' title='bbox 1167 1933 1285 1968; x_wconf 80' lang='lat' dir='ltr'>rostra</span> <span class='ocrx_word' id='word_1_184' title='bbox 1301 1932 1389 1968; x_wconf 86' lang='lat' dir='ltr'>iecit</span> <span class='ocrx_word' id='word_1_185' title='bbox 1406 1935 1433 1966; x_wconf 83' lang='lat' dir='ltr'>B</span> <span class='ocrx_word' id='word_1_186' title='bbox 1452 1935 1464 1975; x_wconf 80' lang='grc'>[1</span> <span class='ocrx_word' id='word_1_187' title='bbox 1482 1936 1503 1968; x_wconf 92' lang='lat'>8</span> 
     </span>
     <span class='ocr_line' id='line_1_35' title="bbox 244 1978 1503 2027; baseline -0.003 -11"><span class='ocrx_word' id='word_1_188' title='bbox 244 1981 344 2026; x_wconf 85' lang='lat' dir='ltr'>quod</span> <span class='ocrx_word' id='word_1_189' title='bbox 368 1984 394 2014; x_wconf 84' lang='lat' dir='ltr'>B</span> <span class='ocrx_word' id='word_1_190' title='bbox 414 1982 425 2027; x_wconf 78' lang='grc' dir='ltr'>ΙΙ</span> <span class='ocrx_word' id='word_1_191' title='bbox 446 1984 581 2016; x_wconf 86' lang='lat'>10—11</span> <span class='ocrx_word' id='word_1_192' title='bbox 607 1980 646 2014; x_wconf 90' lang='lat' dir='ltr'>in</span> <span class='ocrx_word' id='word_1_193' title='bbox 670 1980 863 2015; x_wconf 86' lang='lat' dir='ltr'>voluntate</span> <span class='ocrx_word' id='word_1_194' title='bbox 888 1991 966 2014; x_wconf 80' lang='grc'>6666</span> <span class='ocrx_word' id='word_1_195' title='bbox 991 1979 1163 2014; x_wconf 82' lang='lat' dir='ltr'>libertate</span> <span class='ocrx_word' id='word_1_196' title='bbox 1189 1978 1369 2015; x_wconf 81' lang='lat' dir='ltr'>voluntati</span> <span class='ocrx_word' id='word_1_197' title='bbox 1394 1979 1427 2014; x_wconf 85' lang='lat' dir='ltr'>d.</span> <span class='ocrx_word' id='word_1_198' title='bbox 1452 1979 1503 2024; x_wconf 74' lang='grc' dir='ltr'>ΒΗ</span> 
     </span>
     <span class='ocr_line' id='line_1_36' title="bbox 248 2025 1502 2072; baseline -0.002 -10"><span class='ocrx_word' id='word_1_199' title='bbox 248 2032 287 2062; x_wconf 89' lang='grc'>11</span> <span class='ocrx_word' id='word_1_200' title='bbox 316 2038 389 2071; x_wconf 90' lang='lat' dir='ltr'>quo</span> <span class='ocrx_word' id='word_1_201' title='bbox 415 2031 492 2072; x_wconf 78' lang='lat' dir='ltr'>AB,</span> <span class='ocrx_word' id='word_1_202' title='bbox 518 2038 607 2062; x_wconf 81' lang='lat' dir='ltr'>corr.</span> <span class='ocrx_word' id='word_1_203' title='bbox 633 2026 704 2062; x_wconf 80' lang='lat' dir='ltr'>Sch</span> <span class='ocrx_word' id='word_1_204' title='bbox 721 2027 734 2070; x_wconf 77' lang='grc' dir='ltr'>ΙΙ</span> <span class='ocrx_word' id='word_1_205' title='bbox 754 2030 796 2060; x_wconf 90' lang='grc'>14</span> <span class='ocrx_word' id='word_1_206' title='bbox 820 2026 1015 2061; x_wconf 87' lang='lat' dir='ltr'>vovolente</span> <span class='ocrx_word' id='word_1_207' title='bbox 1041 2029 1071 2059; x_wconf 75' lang='lat' dir='ltr'>A</span> <span class='ocrx_word' id='word_1_208' title='bbox 1089 2026 1100 2070; x_wconf 89' lang='grc' dir='ltr'>ΙΙ</span> <span class='ocrx_word' id='word_1_209' title='bbox 1119 2025 1333 2070; x_wconf 80' lang='lat' dir='ltr'>collegimus</span> <span class='ocrx_word' id='word_1_210' title='bbox 1357 2027 1411 2059; x_wconf 65' lang='lat' dir='ltr'>Aa</span> <span class='ocrx_word' id='word_1_211' title='bbox 1427 2026 1440 2069; x_wconf 79' lang='lat' dir='ltr'>ss</span> <span class='ocrx_word' id='word_1_212' title='bbox 1461 2028 1502 2059; x_wconf 82' lang='lat'>16</span> 
     </span>
     <span class='ocr_line' id='line_1_37' title="bbox 246 2070 1503 2120; baseline -0.002 -12"><span class='ocrx_word' id='word_1_213' title='bbox 246 2078 334 2109; x_wconf 81' lang='lat'>-17</span> <span class='ocrx_word' id='word_1_214' title='bbox 363 2077 382 2097; x_wconf 64' lang='lat'>²³&lt;</span> <span class='ocrx_word' id='word_1_215' title='bbox 399 2073 564 2120; x_wconf 81' lang='lat' dir='ltr'>su&lt;er&gt;it</span> <span class='ocrx_word' id='word_1_216' title='bbox 582 2074 593 2118; x_wconf 86' lang='grc' dir='ltr'>ΙΙ</span> <span class='ocrx_word' id='word_1_217' title='bbox 615 2077 656 2108; x_wconf 87' lang='grc'>19</span> <span class='ocrx_word' id='word_1_218' title='bbox 684 2073 812 2118; x_wconf 81' lang='lat' dir='ltr'>etiam]</span> <span class='ocrx_word' id='word_1_219' title='bbox 841 2074 878 2107; x_wconf 87' lang='lat' dir='ltr'>et</span> <span class='ocrx_word' id='word_1_220' title='bbox 901 2075 927 2106; x_wconf 88' lang='lat' dir='ltr'>B</span> <span class='ocrx_word' id='word_1_221' title='bbox 947 2073 958 2117; x_wconf 79' lang='lat' dir='ltr'>ss</span> <span class='ocrx_word' id='word_1_222' title='bbox 979 2077 1019 2107; x_wconf 81' lang='lat'>21</span> <span class='ocrx_word' id='word_1_223' title='bbox 1048 2071 1212 2117; x_wconf 83' lang='lat' dir='ltr'>fortuna]</span> <span class='ocrx_word' id='word_1_224' title='bbox 1238 2071 1357 2106; x_wconf 80' lang='lat' dir='ltr'>forma</span> <span class='ocrx_word' id='word_1_225' title='bbox 1372 2070 1419 2115; x_wconf 70' lang='grc' dir='ltr'>(ἓ)</span> <span class='ocrx_word' id='word_1_226' title='bbox 1434 2071 1503 2113; x_wconf 83' lang='lat' dir='ltr'>Ro,</span> 
     </span>
     <span class='ocr_line' id='line_1_38' title="bbox 249 2118 1495 2163; baseline -0.002 -9"><span class='ocrx_word' id='word_1_227' title='bbox 249 2122 315 2162; x_wconf 74' lang='lat' dir='ltr'>css.</span> <span class='ocrx_word' id='word_1_228' title='bbox 331 2123 413 2163; x_wconf 79' lang='lat'><strong><em>349,</em></strong></span> <span class='ocrx_word' id='word_1_229' title='bbox 427 2123 477 2156; x_wconf 79' lang='lat'>24</span> <span class='ocrx_word' id='word_1_230' title='bbox 502 2121 619 2154; x_wconf 83' lang='lat' dir='ltr'>forma</span> <span class='ocrx_word' id='word_1_231' title='bbox 642 2119 838 2161; x_wconf 76' lang='lat' dir='ltr'>libertatis„</span> <span class='ocrx_word' id='word_1_232' title='bbox 864 2123 1013 2154; x_wconf 77' lang='lat' dir='ltr'>ceterum</span> <span class='ocrx_word' id='word_1_233' title='bbox 1031 2119 1123 2153; x_wconf 82' lang='lat' dir='ltr'>idem</span> <span class='ocrx_word' id='word_1_234' title='bbox 1142 2118 1347 2161; x_wconf 72' lang='lat' dir='ltr'>comparari</span> <span class='ocrx_word' id='word_1_235' title='bbox 1364 2118 1495 2162; x_wconf 76' lang='lat' dir='ltr'>aliqua-</span> 
     </span>
     <span class='ocr_line' id='line_1_39' title="bbox 244 2163 1503 2210; baseline -0.002 -9"><span class='ocrx_word' id='word_1_236' title='bbox 244 2171 347 2202; x_wconf 74' lang='lat' dir='ltr'>tenus</span> <span class='ocrx_word' id='word_1_237' title='bbox 373 2177 477 2210; x_wconf 76' lang='lat' dir='ltr'>posse</span> <span class='ocrx_word' id='word_1_238' title='bbox 507 2167 695 2201; x_wconf 78' lang='lat' dir='ltr'>adnotavit</span> <span class='ocrx_word' id='word_1_239' title='bbox 722 2165 902 2201; x_wconf 75' lang='lat' dir='ltr'>Ciceronis</span> <span class='ocrx_word' id='word_1_240' title='bbox 931 2166 998 2200; x_wconf 75' lang='lat' dir='ltr'><em>illa</em></span> <span class='ocrx_word' id='word_1_241' title='bbox 1026 2165 1151 2207; x_wconf 78' lang='lat' dir='ltr'>(Catil.</span> <span class='ocrx_word' id='word_1_242' title='bbox 1183 2163 1250 2198; x_wconf 87' lang='lat' dir='ltr'>IV</span> <span class='ocrx_word' id='word_1_243' title='bbox 1269 2163 1296 2209; x_wconf 64' lang='lat'><em>5</em></span> <span class='ocrx_word' id='word_1_244' title='bbox 1314 2166 1395 2206; x_wconf 85' lang='lat'><em>16).·</em></span> <span class='ocrx_word' id='word_1_245' title='bbox 1437 2175 1503 2198; x_wconf 75' lang='lat' dir='ltr'>sua</span> 
     </span>
     <span class='ocr_line' id='line_1_40' title="bbox 245 2209 1504 2256; baseline -0.002 -9"><span class='ocrx_word' id='word_1_246' title='bbox 245 2213 380 2248; x_wconf 85' lang='lat' dir='ltr'>virtute</span> <span class='ocrx_word' id='word_1_247' title='bbox 405 2213 590 2247; x_wconf 80' lang='lat' dir='ltr'>fortunam</span> <span class='ocrx_word' id='word_1_248' title='bbox 615 2212 723 2246; x_wconf 79' lang='lat' dir='ltr'>huius</span> <span class='ocrx_word' id='word_1_249' title='bbox 743 2212 904 2246; x_wconf 82' lang='lat' dir='ltr'>civitatis</span> <span class='ocrx_word' id='word_1_250' title='bbox 925 2211 1120 2247; x_wconf 82' lang='lat' dir='ltr'>consecuti.</span> <span class='ocrx_word' id='word_1_251' title='bbox 1140 2212 1152 2255; x_wconf 91' lang='grc' dir='ltr'>ΙΙ</span> <span class='ocrx_word' id='word_1_252' title='bbox 1171 2209 1311 2256; x_wconf 81' lang='lat' dir='ltr'>aliqua]</span> <span class='ocrx_word' id='word_1_253' title='bbox 1337 2209 1504 2254; x_wconf 82' lang='lat' dir='ltr'>aliquan·</span> 
     </span>
     <span class='ocr_line' id='line_1_41' title="bbox 243 2258 1021 2304; baseline -0.003 -11"><span class='ocrx_word' id='word_1_254' title='bbox 243 2259 291 2294; x_wconf 87' lang='lat' dir='ltr'>do</span> <span class='ocrx_word' id='word_1_255' title='bbox 318 2259 367 2304; x_wconf 80' lang='lat'>(?)</span> <span class='ocrx_word' id='word_1_256' title='bbox 394 2259 543 2303; x_wconf 71' lang='lat'>11&#39;01122</span> <span class='ocrx_word' id='word_1_257' title='bbox 569 2259 639 2293; x_wconf 82' lang='lat' dir='ltr'>hoe</span> <span class='ocrx_word' id='word_1_258' title='bbox 665 2269 729 2293; x_wconf 85' lang='lat' dir='ltr'>om.</span> <span class='ocrx_word' id='word_1_259' title='bbox 755 2259 812 2303; x_wconf 84' lang='grc' dir='ltr'>ΒΗ</span> <span class='ocrx_word' id='word_1_260' title='bbox 832 2262 876 2293; x_wconf 83' lang='grc'>26</span> <span class='ocrx_word' id='word_1_261' title='bbox 902 2258 972 2293; x_wconf 80' lang='lat' dir='ltr'>seit</span> <span class='ocrx_word' id='word_1_262' title='bbox 995 2260 1021 2291; x_wconf 85' lang='lat' dir='ltr'>B</span> 
     </span>
    </p>
   </div>
  </div>
 </body>
</html>
