1578 2470
387 101 811 138 DECLAMATIONES.
838 101 1051 138 CCCXLIX.
1222 99 1224 101 ’
1281 102 1368 145 373

585 234 894 297 GGCXIAX„

288 317 516 374 Raptoris
547 318 699 374 pater,
733 316 997 360 dementiae
1030 327 1159 360 reus.

85 402 281 446 RAPTOR
329 413 422 445 ms1
466 414 525 444 ΕΤ
570 413 694 444 smm
738 413 926 444 PATREM
971 413 1272 444 EXORAVERIT
1312 414 1372 444 ET

204 473 388 505 RAPTAE
420 474 563 504 INTRA
593 473 686 503 xxx
712 473 819 503 Dms
846 473 1040 503 PEREAT.
1089 461 1253 516 Rapuit
1280 461 1371 517 qui-

206 522 317 564 dam.
367 521 563 564 exoravit
593 523 761 576 patrem
793 524 966 576 raptae3
1001 535 1125 563 suum
1158 535 1245 563 non
1277 535 1373 563 exo·
1400 531 1420 563 5

205 580 332 624 ravit.
382 580 620 623 dementiae
653 583 838 622 accusat..

612 709 844 754 SERMO.

179 793 281 837 Non
311 793 440 836 dubie
471 797 598 849 pater
628 794 698 836 hio
730 793 925 848 intellegi
958 793 1061 846 vuli,
1102 808 1146 836 se
1179 794 1259 836 filii
1291 794 1374 836 sol-

91 853 316 896 licitudine
363 868 455 895 esse
507 855 755 896 contentum
808 856 851 895 et
894 853 1006 895 hane
1042 851 1165 894 XXX
1209 853 1374 895 dierum

90 928 257 956 moram
295 927 373 969 pro
411 912 577 955 ultione
614 913 784 954 habere.
847 912 922 954 sed
953 912 1034 954 hoc
1068 913 1103 954 si
1135 912 1281 967 palam
1312 912 1373 954 in·
1403 924 1447 956 10

90 972 316 1028 dicaverit,
346 971 498 1027 perdet
530 974 685 1026 artem3
725 974 769 1014 et
801 971 839 1013 si
869 972 1055 1013 liberare
1087 971 1226 1014 filium
1258 971 1376 1014 solli-

91 1031 280 1075 citudine
330 1031 462 1073 semel
513 1031 769 1085 destinavit,
817 1031 992 1073 brevius
1042 1031 1176 1073 habet
1226 1032 1376 1074 statim

90 1092 324 1148 ignoscere.
375 1090 586 1133 varianda
618 1090 700 1133 erit
731 1090 822 1132 eius
855 1090 981 1144 actio,
1012 1093 1061 1132 ut
1091 1091 1231 1133 filium
1262 1091 1379 1133 dicat

90 1153 230 1193 morte
257 1149 456 1206 dignum,
483 1165 539 1192 an
567 1151 708 1205 possit
739 1150 832 1204 ipse
864 1163 1158 1205 perseverare,
1195 1150 1375 1192 dubitet.

93 1210 194 1252 Non
226 1212 373 1252 tamen
403 1209 717 1264 praetereunda
756 1212 856 1251 sunt
894 1209 1000 1263 issa,-
1033 1210 1231 1264 quamvis
1264 1224 1376 1252 com·
1405 1221 1448 1252 15

95 1269 242 1312 munia
279 1283 376 1310 cum
414 1268 510 1310 aliis
544 1268 848 1311 controversiis
882 1268 1051 1324 generis
1083 1269 1230 1324 huius,
1268 1283 1377 1324 quae

94 1329 210 1372 circa
242 1328 383 1384 ipsam
416 1328 712 1383 quaestionem
746 1327 987 1370 dementiae
1019 1331 1258 1370 versantur.
1306 1343 1376 1369 ne-

92 1388 295 1446 gabimus
335 1387 450 1429 enim
489 1387 666 1429 crimine
705 1402 791 1429 uno
835 1401 964 1442 posse
1008 1387 1269 1442 deprehendi
1311 1387 1377 1429 de-

91 1448 308 1502 mentiam,
348 1450 390 1488 et
421 1446 505 1488 hoc
535 1446 808 1502 proposit-um
842 1449 1041 1488 nostrum
1074 1447 1377 1489 adiuvabimus

91 1507 305 1561 finitione,
349 1508 399 1547 ut
431 1506 637 1561 dicamus,
669 1506 932 1548 dementiam
965 1520 1057 1548 esse
1089 1507 1284 1549 ablatum
1315 1521 1376 1548 re·
1406 1518 1451 1550 20

93 1581 191 1608 rum
224 1565 416 1608 omnium
447 1565 732 1607 intellectum:
766 1565 926 1620 alioqui
957 1566 1173 1608 neminem
1199 1568 1290 1608 tam
1316 1566 1376 1608 fe-

91 1625 233 1679 licem,
264 1625 336 1680 qui
366 1639 454 1666 non
485 1625 633 1680 aliqua
663 1625 932 1679 paenitentia
964 1625 1096 1680 digna
1127 1625 1272 1681 faciat,
1305 1625 1378 1680 qui

92 1699 178 1727 non
213 1684 431 1726 subiec’nus
460 1684 517 1726 sit
550 1684 704 1739 errori3
742 1687 785 1726 et
815 1683 898 1727 hoc
930 1685 1154 1740 proprium
1186 1699 1276 1727 non
1308 1685 1378 1726 de-

93 1744 252 1786 mentis
285 1758 397 1798 esse,
433 1758 583 1786 verum
614 1743 816 1786 hominis.
881 1746 1011 1799 atque
1044 1744 1096 1786 ad
1130 1745 1223 1799 hoc,
1265 1743 1378 1800 quod

92 1817 319 1846 commune
360 1817 455 1845 cum
489 1802 690 1845 omnibus
724 1805 805 1857 est,
845 1803 1007 1859 aliquid
1040 1804 1170 1846 etiam
1203 1804 1375 1859 proprie
1402 1815 1447 1846 25

93 1862 425 1918 adplicabimus,
463 1861 578 1917 quod
617 1863 706 1904 eius
746 1863 915 1918 generis
960 1863 1116 1905 dicibur
1139 1863 1377 1904 -dementia

93 1936 207 1973 esse,
248 1922 298 1964 de
331 1936 415 1977 qua
446 1921 651 1963 iudicium
684 1924 763 1975 est,
795 1924 843 1962 ut
875 1922 1094 1963 emendari
1126 1937 1210 1963 uno
1244 1923 1375 1964 verbo

92 1980 246 2036 possit.
307 1995 435 2035 porro
470 1994 566 2021 eum
599 1980 704 2022 adeo
738 1979 981 2022 confessum
1016 1981 1084 2036 sit,
1116 1981 1376 2023 dementiam

190 2110 328 2143 10—11
355 2107 578 2143 iudicaverit
602 2110 665 2141 AB
697 2109 708 2153 ΙΙ
742 2111 785 2143 14
803 2110 932 2153 posset
957 2111 1035 2152 ΔΒ,
1069 2119 1160 2144 corr.
1187 2110 1262 2145 Aer
1290 2111 1302 2154 ss
1332 2114 1375 2145 15

93 2157 222 2192 tamen
245 2155 520 2201 perseveranda
549 2156 636 2189 sunt
659 2155 726 2190 illa
750 2156 1023 2200 praetereunda
1046 2159 1098 2190 Ba
1115 2157 1128 2202 ΙΙ
1148 2160 1287 2192 17--18
1313 2170 1376 2192 ne-

94 2203 264 2248 gavimus
277 2205 341 2236 AB
360 2204 373 2248 ΙΙ
394 2205 532 2237 18-19
549 2202 736 2238 dementia
749 2206 778 2237 Δ
797 2204 809 2248 ΙΙ
828 2204 1110 2239 2odementia
1128 2206 1158 2238 A
1177 2205 1190 2249 ΙΙ
1210 2205 1376 2239 ablatam

93 2252 178 2296 Aafl
207 2254 252 2285 22
277 2250 432 2295 indigna
455 2253 483 2283 B
502 2251 514 2295 ΙΙ
545 2253 590 2284 25
617 2249 747 2296 etiam]
775 2261 854 2286 esse
878 2255 904 2284 P
923 2251 934 2295 ΙΙ
959 2251 1101 2297 proprii
1127 2251 1184 2287 Fr
1203 2253 1215 2297 Η
1239 2255 1285 2287 26
1312 2264 1375 2297 ap-

94 2297 278 2343 plicamus
303 2300 330 2331 B
351 2298 362 2343 ΙΙ
382 2302 426 2332 ‘27
453 2298 650 2332 emendare
676 2299 702 2330 B
