1586 2476
422 61 547 97 DECL
553 58 850 98 AMATIONEs,
888 59 1076 97 CCXLVI.
1368 59 1391 101 7

103 172 377 274 ξοςῂῐηαὺθη
421 173 557 226 certe,
602 170 716 226 quod
748 170 856 213 mihi
888 169 995 212 satis
1027 173 1112 226 est,
1153 171 1278 225 pater
1307 183 1395 213 non

124 245 189 274 eci

632 299 865 344 SERMO.

195 385 407 436 Quotiens
439 383 677 427 finiendum
709 383 809 439 erit,
851 383 1042 439 primum
1072 383 1231 426 intueri
1270 383 1396 426 debe-

105 445 223 501 bitis,
255 444 358 500 quid
395 446 579 500 utraque
609 458 708 499 pars
740 443 864 498 velit3
895 442 1048 485 deinde
1079 443 1123 485 id
1155 443 1270 499 quod
1300 443 1396 486 vult
1422 454 1442 486 5

105 518 237 560 quam
266 503 521 546 brevissime
554 502 797 558 complecti.
847 502 989 553 Quare
1019 505 1154 558 negat
1178 517 1395 546 venenum

108 578 215 620 esse,
247 563 322 619 qui
351 578 432 618 pro
463 577 539 606 rea
569 562 702 605 dicit?
752 561 853 618 quia
883 571 973 604 non
1004 562 1227 617 occiderit,
1257 577 1396 618 neque

106 623 166 666 sit
196 621 482 666 mortiferum.
546 636 678 678 quare
709 620 814 664 dicit
844 636 1058 664 venenum
1091 636 1198 679 esse,
1228 622 1302 677 qui
1329 637 1397 664 ac-

106 681 258 726 cusat?
309 682 514 737 quoniam
556 681 921 724 medicamentum
959 682 1018 724 sit
1050 683 1094 723 et
1125 680 1287 724 efficiat
1318 681 1397 723 ali-

107 741 211 798 quid
243 744 396 784 contra
426 745 641 785 naturam.
697 754 802 796 ergo
833 755 922 783 non
954 743 1022 783 est
1053 740 1160 783 satis
1192 741 1236 783 id
1267 741 1397 784 modo
1426 751 1469 784 10
1511 786 1522 796 ,

106 799 244 844 videri
274 815 498 856 venenum,
531 800 644 856 quod
677 799 858 843 occidat.
903 799 977 842 sed
1008 795 1116 843 haec
1149 800 1297 843 omnia
1329 815 1397 842 ve-

104 875 218 903 nena
249 862 360 902 sunt.
406 860 461 902 ad
491 862 613 901 tuam
644 859 817 914 quidem
848 859 1091 902 finitionem
1123 860 1255 902 etiam
1286 874 1398 902 mor-

106 919 282 962 tiferum
314 917 431 961 istud
464 918 558 961 erit.
620 933 723 960 nam
755 933 853 961 cum
884 918 929 960 id
961 932 1131 975 ageres,
1180 921 1231 961 ut
1281 919 1398 962 dese-

105 992 266 1033 rerem,
298 978 564 1021 desertorem
596 992 736 1033 poena
768 980 991 1034 sequatur:
1025 978 1158 1022 etiam
1189 978 1251 1034 id,
1283 978 1399 1034 quod

105 1032 254 1081 deesse
284 1037 386 1080 huic
419 1037 736 1080 medicamento
769 1037 1011 1094 videbatur,
1042 1038 1270 1082 adieceras.
1426 1049 1469 1081 15

524 1166 976 1211 DECLAMATIO.

194 1251 402 1295 Veneficii
433 1265 600 1295 accuso.
640 1251 877 1294 veneficam
910 1250 1003 1294 dico
1011 1285 1023 1306 7
1055 1266 1165 1306 quae
1197 1266 1400 1307 soporem

107 1311 238 1354 dedit.
291 1311 406 1354 unde
445 1311 529 1353 tibi
570 1310 674 1365 (in)
715 1310 795 1353 hos
837 1325 940 1352 usus
983 1309 1178 1353 venena?
1228 1311 1400 1353 notiora

107 1372 211 1413 sunt
247 1370 458 1426 quaedam
495 1370 685 1425 pernicie
742 1372 786 1412 et
831 1369 1128 1425 experimento
1160 1369 1399 1425 deprehen-

109 1429 290 1485 duntur,
327 1429 435 1472 adeo
472 1431 522 1471 ut
559 1429 704 1483 aliqua
741 1427 914 1484 publice
954 1428 1120 1471 dentur.
1182 1429 1266 1472 hoc
1298 1429 1400 1486 quid
1425 1440 1471 1473 20

108 1487 206 1531 est?
251 1488 355 1544 quid
385 1490 435 1530 tu
465 1487 532 1531 vis
563 1487 742 1530 vocari?
779 1487 823 1530 in
854 1490 1028 1543 tempus
1058 1503 1283 1542 venenum,
1315 1504 1400 1547 quo

113 1561 237 1590 mens
269 1547 483 1603 aufertur,
522 1561 606 1603 quo
639 1561 795 1603 corpus
828 1549 1054 1603 gravatur,
1087 1563 1171 1604 quo
1204 1548 1401 1591 membra

111 1607 349 1650 solvuntur.
411 1621 540 1662 saepe
584 1606 630 1649 in
671 1606 832 1649 scelere
863 1607 1039 1649 virtutis
1072 1610 1138 1650 est
1169 1622 1299 1651 nosse
1330 1622 1400 1651 ve-

108 1666 214 1709 neni
243 1665 441 1721 modum,
486 1680 537 1709 eo
569 1666 711 1721 magis
751 1666 866 1721 quod
902 1666 1098 1710 videmus
1136 1668 1262 1723 copia
1300 1682 1401 1710 con-

108 1727 248 1778 stare,
281 1725 396 1781 quod
425 1727 773 1782 temperamento
806 1725 1004 1781 quodam,
1035 1728 1085 1769 ut
1117 1728 1257 1770 stetur
1289 1728 1401 1770 citra
1428 1738 1472 1770 25

108 1786 307 1828 mortem.
346 1783 394 1827 Si
426 1785 523 1841 quis
555 1798 758 1828 accusare
789 1787 833 1827 te
865 1785 1062 1828 veneficii
1091 1786 1300 1829 voluisset
1323 1787 1400 1829 illo

111 1846 323 1900 tempore,
357 1858 442 1900 quo
476 1858 578 1887 sane
609 1857 699 1887 non
730 1845 929 1900 vacabat,
962 1845 999 1888 si
1029 1843 1286 1901 protulisset
1311 1861 1402 1890 cor-

204 1941 228 1973 4
247 1949 326 1983 sqq.
347 1954 393 1967 ==
412 1936 502 1974 Inst.
529 1949 582 1974 or.
608 1937 690 1983 VII,
712 1942 744 1982 3,
765 1942 812 1974 20
831 1950 885 1983 sq.

210 2025 232 2057 6
256 2020 479 2057 bravissime
505 2024 535 2056 A
553 2022 566 2067 11
586 2025 606 2058 7
631 2028 697 2057 reo
723 2023 764 2065 Δ,
790 2030 883 2058 corr.
910 2021 976 2058 Gr.
1004 2023 1017 2067 ss
1050 2025 1092 2057 11
1121 2022 1187 2057 sed
1212 2033 1281 2058 nec
1307 2033 1340 2058 ο.
1366 2035 1400 2058 v.

110 2066 362 2116 (mortifera)
388 2079 416 2105 s,
436 2068 495 2105 Ro
514 2070 526 2115 ΙΙ
548 2073 591 2105 15
617 2068 784 2105 adiceres
809 2069 864 2105 vel
890 2068 1073 2105 adiiceres
1097 2080 1173 2105 non
1196 2071 1289 2106 satis
1306 2071 1403 2106 clare

109 2116 334 2162 exscriptum
363 2116 469 2152 habet
494 2119 541 2162 A,
580 2126 673 2153 corr.
700 2116 776 2161 Ro,
816 2117 1004 2160 conferens
1035 2128 1138 2163 quem
1162 2118 1205 2153 in
1229 2118 1351 2154 indice
1377 2117 1406 2152 I

110 2158 294 2209 αᾶεοῆἳρεί
319 2164 436 2200 locwm
454 2164 469 2209 ΙΙ
487 2168 531 2200 17
556 2163 778 2200 veneficium
805 2167 858 2199 Aa
882 2166 895 2210 ΙΙ
924 2168 966 2200 18
992 2163 1087 2212 (in)
1115 2164 1167 2200 Pi
1190 2166 1203 2210 ss
1228 2168 1272 2200 21
1302 2165 1403 2210 quod

110 2213 153 2255 A,
177 2218 271 2247 corr.
286 2210 351 2247 Gr.
371 2213 384 2255 u
403 2212 448 2246 22
475 2211 664 2247 auferetur
682 2214 736 2246 Aa
754 2213 767 2257 ΙΙ
785 2212 830 2247 27
856 2223 932 2248 non
956 2212 1139 2248 vacabam
1154 2212 1240 2256 Θῦν,
1254 2212 1404 2260 (mihi)

111 2269 147 2293 n.
171 2258 333 2294 vacabat
357 2258 435 2302 Ro,
459 2260 522 2295 sed
546 2259 592 2303 ef.
618 2259 730 2295 indic.
759 2260 794 2295 I.
