1604 2488
226 722 267 752 10

223 1011 265 1041 15

223 1301 266 1331 20

297 85 380 126 108
774 85 1067 127 QfflNTiLIANI

295 191 380 233 adii
404 191 695 246 magistratus,
725 191 947 234 fortiorem
971 192 1138 245 puellae
1162 205 1308 234 vocem
1331 193 1551 248 imperavi,

294 250 393 304 quia
422 252 561 290 tutum
593 249 711 291 erat?
773 263 850 303 ego
887 263 986 291 vero
1017 251 1132 291 totos
1163 249 1210 291 in
1238 250 1423 292 medium
1453 265 1548 305 pro-

293 307 384 349 fero
417 301 625 349 adfectu:s
655 322 733 349 nec
762 307 868 348 mihi
897 308 942 348 in
972 307 1230 362 cogitatione
1254 310 1346 350 tum
1370 308 1438 350 lex
1455 308 1550 363 fuit,

292 379 368 406 nec
411 365 506 406 iura
548 366 732 431 respexi,
776 365 849 407 sed
893 379 1000 419 quae
1043 365 1236 419 proxima
1277 366 1550 408 vindicandae

294 422 476 464 infelicis
507 423 618 464 filiae
649 424 719 464 via
744 424 938 476 occurrit,
968 423 1080 464 hanc
1105 423 1278 477 intendi,
1307 423 1416 465 hanc
1435 438 1550 466 secu-

294 483 364 522 tus
397 495 506 522 sum:
549 481 656 523 bene
687 481 832 534 cessit,
870 481 982 535 quod
1013 484 1057 522 et
1086 481 1218 522 licuit.
1277 495 1367 536 age,
1398 482 1435 523 si
1464 496 1551 524 non

293 538 556 592 habuissem,
598 553 723 593 quam
761 539 977 580 educerem
1015 538 1067 580 ad
1097 539 1390 594 magistratus,
1433 540 1551 581 cuius

293 596 385 638 vice
417 611 484 638 me
514 597 758 638 ulciscerer:
788 610 876 638 non
905 598 949 638 in
974 596 1157 651 publico,
1186 610 1273 638 non
1296 597 1342 638 in
1364 596 1459 639 foro
1483 597 1550 638 his

293 668 361 695 me
405 655 611 696 senilibus
654 655 852 696 manibus
889 653 1197 696 vindicassem?
1260 657 1327 708 tu,
1366 654 1552 709 fortuna,

292 711 422 753 facies
460 712 570 766 quod
609 713 854 754 occurrerit:
897 713 983 753 iam
1013 726 1100 754 non
1131 714 1254 765 potes
1285 711 1466 767 efficere,
1502 715 1552 753 ut

291 770 520 822 paeniteat.
580 770 712 811 filiam
749 770 930 824 perdidi:
967 770 1053 811 scio
1084 770 1166 812 hoc
1196 770 1419 812 minimum
1459 784 1550 812 esse

291 827 499 869 malorum
519 842 720 870 meorum.
757 830 866 880 sunt,
892 828 965 882 qui
990 827 1289 882 gravissimum
1314 828 1552 869 existiment

291 885 438 926 unicos
474 885 668 940 perdere,
712 888 754 927 et
791 885 986 940 quotiens
1022 899 1108 927 non
1137 885 1324 927 habeant
1355 885 1408 927 ad
1439 885 1550 940 quod

292 943 493 984 solatium
523 943 754 997 respiciant
784 943 1062 997 calamitates,
1099 943 1266 985 videtur
1299 943 1390 984 sine
1420 942 1550 984 medi-

292 1000 386 1042 cina
412 1001 548 1042 dolor:
574 1001 654 1042 hoc
680 1002 850 1056 gravius
877 1003 953 1054 est,
978 1001 1149 1055 iudices,
1173 1000 1348 1055 perdere
1369 1001 1550 1042 alteram

292 1073 313 1099 e
339 1059 533 1113 geminis.
581 1059 734 1100 cotidie
759 1059 864 1100 mihi
891 1058 1073 1100 occurrit
1098 1059 1240 1112 imago
1265 1058 1425 1100 funeris
1450 1059 1550 1112 mei3

291 1130 373 1170 quo
406 1117 543 1171 magis
575 1117 716 1170 placet
746 1117 858 1158 filiae
887 1116 1150 1168 verecundia,
1182 1130 1264 1170 quo
1289 1116 1428 1170 magis
1453 1130 1551 1170 pro-

291 1174 416 1228 bitas,
440 1174 521 1216 hoc
540 1175 722 1216 validius
743 1175 928 1215 subeunt
946 1174 1245 1228 cogitationes:
1270 1174 1402 1215 talem
1422 1174 1550 1215 miser

290 1231 465 1285 perdidi.
522 1233 558 1273 si
587 1235 733 1273 tamen
763 1232 844 1273 hoc
875 1232 1025 1272 vulnus
1057 1231 1271 1272 intulisset
1300 1231 1484 1284 fortuna,
1515 1232 1551 1273 si

293 1303 429 1344 casuS,
458 1291 673 1332 communi
703 1290 980 1331 mortalitatis
1013 1289 1256 1331 condicione
1282 1289 1444 1331 solarer
1467 1303 1551 1330 me:

290 1361 403 1389 nunc
445 1347 575 1389 miser
611 1348 742 1389 filiam
781 1347 992 1402 quomodo
1034 1346 1226 1401 perdidi?
1269 1350 1369 1389 ante
1409 1346 1552 1388 omnia

291 1419 368 1447 nec
399 1405 622 1460 virginem,
652 1420 730 1447 nec
760 1408 950 1459 nuptam.
999 1406 1144 1459 quales
1175 1418 1254 1459 ego
1285 1404 1432 1447 infelix
1463 1405 1550 1446 vul-

291 1465 374 1518 tus,
405 1478 550 1506 caesos
575 1464 736 1517 alioqui
761 1464 1052 1517 laceratosque
1079 1477 1128 1504 ac
1153 1463 1306 1517 laqueo
1324 1464 1550 1516 tumentes,

290 1523 414 1574 pater
444 1522 548 1563 vidi!
581 1522 653 1575 qui
684 1535 751 1562 me
777 1523 928 1576 metus,
958 1522 1030 1575 qui
1053 1521 1170 1562 intus
1190 1523 1335 1563 aestus
1354 1519 1551 1575 agitant?

224 1589 268 1620 25
295 1593 400 1632 quae
433 1579 515 1621 fuit
546 1579 797 1620 verecundia
827 1579 920 1633 illa,
952 1593 1059 1632 quae
1090 1579 1298 1620 ultionem
1329 1580 1550 1632 expectare

384 1719 401 1749 1
428 1715 475 1750 ad
507 1715 544 1750 hi
569 1718 599 1748 A
623 1716 634 1759 ΙΙ
658 1714 838 1760 imparavi
863 1717 892 1748 A
910 1715 921 1758 ΙΙ
941 1718 960 1748 2
986 1715 1107 1748 totum
1132 1717 1184 1747 Aa.
1202 1715 1213 1759 ΙΙ
1230 1714 1331 1749 totus
1355 1716 1423 1758 Aa,
1447 1714 1548 1749 tutos

287 1764 338 1795 Ab
364 1762 375 1806 ΙΙ
400 1766 420 1796 3
453 1762 539 1795 dum
563 1764 632 1806 Aa,
658 1772 740 1796 cum
765 1763 821 1805 ΡΠ
845 1765 867 1795 4
891 1761 1052 1805 respexit
1076 1763 1127 1793 Ab
1147 1762 1158 1805 ΙΙ
1178 1764 1196 1795 7
1223 1771 1333 1805 quam
1359 1760 1550 1795 edocerem

287 1811 334 1852 A,
359 1819 431 1852 qua
456 1818 514 1843 me
541 1807 711 1843 ducerem
737 1810 762 1841 B
789 1808 801 1851 ΙΙ
828 1811 870 1842 10
895 1809 1018 1851 potest
1041 1810 1141 1840 B-P
1166 1808 1178 1851 ΙΙ
1203 1810 1246 1841 12
1271 1808 1358 1841 sunt
1380 1807 1444 1850 qui
1468 1817 1550 1859 gra-

287 1855 368 1889 vius
407 1865 483 1890 esse
514 1865 627 1889 unum
657 1854 702 1889 de
734 1853 820 1888 filiis
851 1854 1003 1898 perdere
1034 1864 1145 1897 quam
1175 1852 1343 1895 unicum,
1379 1853 1464 1888 sunt
1487 1853 1551 1896 qui

289 1900 546 1946 gravissimum
583 1905 644 1936 etc.
675 1901 779 1936 habet
809 1903 858 1944 A,
893 1900 1083 1943 manifesto
1113 1910 1156 1935 ex
1179 1900 1342 1944 maryine
1365 1899 1551 1952 archetypi

290 1948 422 1982 codicis
445 1948 552 1982 verba
575 1947 723 1992 gravius
749 1957 827 1982 esse
849 1967 892 1972 —
910 1947 1058 1981 unicum
1081 1946 1274 1990 recipiens,
1299 1946 1384 1980 sunt
1406 1945 1471 1989 qui
1493 1955 1549 1989 ye-

287 1994 442 2029 minans.
469 2014 512 2019 —
547 1994 599 2028 I‘n
629 1994 774 2028 eandem
805 1994 1016 2028 sententiam
1045 1993 1208 2036 disputat
1234 1992 1396 2027 Pseudo·
1404 1991 1549 2036 Quinti-

287 2040 410 2075 lianus
439 2041 525 2075 decl.
559 2039 674 2074 VIII
696 2039 723 2085 5
740 2042 790 2075 22
815 2040 827 2083 ΙΙ
851 2038 1090 2074 *existimant
1113 2041 1207 2072 ABG
1234 2041 1245 2084 n
1266 2042 1307 2073 13
1334 2050 1391 2082 qu.
1417 2049 1490 2073 non
1513 2037 1550 2073 h.

289 2086 439 2130 aliquod
464 2086 634 2121 solatium
659 2096 753 2130 resp.
773 2089 819 2127 A,
846 2098 904 2130 qu.
930 2085 1080 2129 aliquod
1105 2085 1171 2119 sol.
1197 2084 1295 2129 quod
1319 2095 1412 2128 resp.
1424 2086 1451 2117 B
1476 2084 1487 2127 ΙΙ
1508 2087 1551 2118 14

291 2132 514 2167 calamitatis
539 2135 652 2176 ABG,
678 2143 767 2167 corr.
793 2132 851 2167 Ro
881 2134 892 2177 ΙΙ
927 2137 967 2166 15
1000 2135 1039 2171 §s
1063 2131 1247 2176 gravius
1273 2142 1321 2166 ee
1345 2141 1474 2165 unum
1499 2130 1550 2164 de

286 2178 410 2213 filiis
441 2178 632 2222 perdere
662 2189 789 2223 quam
821 2178 999 2213 unicum
1024 2180 1053 2211 A
1071 2179 1083 2222 ΙΙ
1104 2182 1146 2212 16
1173 2187 1216 2211 ex
1242 2178 1355 2221 01122
1383 2187 1468 2221 ergo
1492 2176 1551 2219 ΒΗ

288 2228 332 2260 24
361 2225 519 2270 agitavit
544 2229 566 2258 c
