<?xml version="1.0" encoding="UTF-8"?>
<!DOCTYPE html PUBLIC "-//W3C//DTD XHTML 1.0 Transitional//EN"
    "http://www.w3.org/TR/xhtml1/DTD/xhtml1-transitional.dtd">
<html xmlns="http://www.w3.org/1999/xhtml" xml:lang="en" lang="en">
 <head>
  <title>
</title>
<meta http-equiv="Content-Type" content="text/html;charset=utf-8" />
  <meta name='ocr-system' content='tesseract 3.04.00' />
  <meta name='ocr-capabilities' content='ocr_page ocr_carea ocr_par ocr_line ocrx_word'/>
</head>
<body>
  <div class='ocr_page' id='page_1' title='image "./declamationesqua00quinuoft_0251.png"; bbox 0 0 1604 2488; ppageno 0'>
   <div class='ocr_carea' id='block_1_1' title="bbox 422 81 1371 124">
    <p class='ocr_par' dir='ltr' id='par_1_1' title="bbox 422 81 1371 124">
     <span class='ocr_line' id='line_1_1' title="bbox 422 81 1371 124; baseline 0.006 -6"><span class='ocrx_word' id='word_1_1' title='bbox 422 82 548 119; x_wconf 88' lang='lat' dir='ltr'><strong>DECL</strong></span> <span class='ocrx_word' id='word_1_2' title='bbox 555 81 847 118; x_wconf 65' lang='lat' dir='ltr'><strong>AMATIONES.</strong></span> <span class='ocrx_word' id='word_1_3' title='bbox 887 81 1038 118; x_wconf 82' lang='lat' dir='ltr'>CCCIX.</span> <span class='ocrx_word' id='word_1_4' title='bbox 1282 81 1371 124; x_wconf 83' lang='lat'>215</span> 
     </span>
    </p>
   </div>
   <div class='ocr_carea' id='block_1_2' title="bbox 485 226 1419 365">
    <p class='ocr_par' dir='ltr' id='par_1_2' title="bbox 485 226 1419 365">
     <span class='ocr_line' id='line_1_2' title="bbox 623 226 823 271; baseline -0.005 0"><span class='ocrx_word' id='word_1_5' title='bbox 623 226 823 271; x_wconf 80' lang='lat' dir='ltr'><strong>CGGIX.</strong></span> 
     </span>
     <span class='ocr_line' id='line_1_3' title="bbox 485 307 1419 365; baseline -0.001 -12"><span class='ocrx_word' id='word_1_6' title='bbox 485 310 670 365; x_wconf 83' lang='lat' dir='ltr'>Raptor</span> <span class='ocrx_word' id='word_1_7' title='bbox 700 309 960 354; x_wconf 83' lang='lat' dir='ltr'>convictus.</span> <span class='ocrx_word' id='word_1_8' title='bbox 1395 307 1419 340; x_wconf 81' lang='lat'>⁵</span> 
     </span>
    </p>
   </div>
   <div class='ocr_carea' id='block_1_3' title="bbox 81 405 1370 638">
    <p class='ocr_par' dir='ltr' id='par_1_3' title="bbox 81 405 1370 638">
     <span class='ocr_line' id='line_1_4' title="bbox 81 405 1370 462; baseline -0.001 -13"><span class='ocrx_word' id='word_1_9' title='bbox 81 406 252 449; x_wconf 83' lang='lat' dir='ltr'>Educta</span> <span class='ocrx_word' id='word_1_10' title='bbox 297 407 350 448; x_wconf 89' lang='lat' dir='ltr'>ad</span> <span class='ocrx_word' id='word_1_11' title='bbox 394 407 698 462; x_wconf 85' lang='lat' dir='ltr'>magistratum</span> <span class='ocrx_word' id='word_1_12' title='bbox 742 405 1047 461; x_wconf 77' lang='lat' dir='ltr'>adulescentis,</span> <span class='ocrx_word' id='word_1_13' title='bbox 1092 420 1118 447; x_wconf 90' lang='lat' dir='ltr'>a</span> <span class='ocrx_word' id='word_1_14' title='bbox 1150 420 1235 461; x_wconf 91' lang='lat' dir='ltr'>quo</span> <span class='ocrx_word' id='word_1_15' title='bbox 1275 420 1370 448; x_wconf 88' lang='lat' dir='ltr'>esse</span> 
     </span>
     <span class='ocr_line' id='line_1_5' title="bbox 199 465 1370 521; baseline -0.001 -13"><span class='ocrx_word' id='word_1_16' title='bbox 199 466 356 508; x_wconf 85' lang='lat' dir='ltr'>vitiata</span> <span class='ocrx_word' id='word_1_17' title='bbox 388 465 621 517; x_wconf 76' lang='lat' dir='ltr'>dicebatur,</span> <span class='ocrx_word' id='word_1_18' title='bbox 652 465 826 520; x_wconf 89' lang='lat' dir='ltr'>nuptias</span> <span class='ocrx_word' id='word_1_19' title='bbox 861 465 1042 520; x_wconf 87' lang='lat' dir='ltr'>optavit.</span> <span class='ocrx_word' id='word_1_20' title='bbox 1085 465 1158 506; x_wconf 90' lang='lat' dir='ltr'>ille</span> <span class='ocrx_word' id='word_1_21' title='bbox 1189 465 1370 521; x_wconf 86' lang='lat' dir='ltr'>negavit</span> 
     </span>
     <span class='ocr_line' id='line_1_6' title="bbox 201 523 1369 580; baseline -0.001 -13"><span class='ocrx_word' id='word_1_22' title='bbox 201 539 247 567; x_wconf 87' lang='lat' dir='ltr'>se</span> <span class='ocrx_word' id='word_1_23' title='bbox 278 525 487 580; x_wconf 82' lang='lat' dir='ltr'>rapuisse.</span> <span class='ocrx_word' id='word_1_24' title='bbox 531 524 687 567; x_wconf 91' lang='lat' dir='ltr'>iudicio</span> <span class='ocrx_word' id='word_1_25' title='bbox 714 524 948 567; x_wconf 73' lang='lat' dir='ltr'>contendit.</span> <span class='ocrx_word' id='word_1_26' title='bbox 991 523 1130 566; x_wconf 83' lang='lat' dir='ltr'>victus</span> <span class='ocrx_word' id='word_1_27' title='bbox 1157 527 1235 567; x_wconf 88' lang='lat' dir='ltr'>est.</span> <span class='ocrx_word' id='word_1_28' title='bbox 1280 539 1369 567; x_wconf 89' lang='lat' dir='ltr'>non</span> 
     </span>
     <span class='ocr_line' id='line_1_7' title="bbox 199 583 1014 638; baseline -0.001 -12"><span class='ocrx_word' id='word_1_29' title='bbox 199 586 370 626; x_wconf 90' lang='lat' dir='ltr'>recusat</span> <span class='ocrx_word' id='word_1_30' title='bbox 402 583 568 627; x_wconf 89' lang='lat' dir='ltr'>ducere.</span> <span class='ocrx_word' id='word_1_31' title='bbox 616 583 693 626; x_wconf 89' lang='lat' dir='ltr'>illa</span> <span class='ocrx_word' id='word_1_32' title='bbox 726 586 877 638; x_wconf 87' lang='lat' dir='ltr'>optare</span> <span class='ocrx_word' id='word_1_33' title='bbox 909 583 1014 626; x_wconf 86' lang='lat' dir='ltr'>vult.</span> 
     </span>
    </p>
   </div>
   <div class='ocr_carea' id='block_1_4' title="bbox 611 700 842 744">
    <p class='ocr_par' dir='ltr' id='par_1_4' title="bbox 611 700 842 744">
     <span class='ocr_line' id='line_1_8' title="bbox 611 700 842 744; baseline 0 0"><span class='ocrx_word' id='word_1_34' title='bbox 611 700 842 744; x_wconf 80' lang='lat' dir='ltr'><strong>SERMO.</strong></span> 
     </span>
    </p>
   </div>
   <div class='ocr_carea' id='block_1_5' title="bbox 74 784 1440 1137">
    <p class='ocr_par' dir='ltr' id='par_1_5' title="bbox 74 784 1440 1137">
     <span class='ocr_line' id='line_1_9' title="bbox 170 784 1368 827; baseline -0.002 0"><span class='ocrx_word' id='word_1_35' title='bbox 170 784 298 827; x_wconf 91' lang='lat' dir='ltr'>Actio</span> <span class='ocrx_word' id='word_1_36' title='bbox 332 785 507 827; x_wconf 90' lang='lat' dir='ltr'>debebit</span> <span class='ocrx_word' id='word_1_37' title='bbox 530 785 658 826; x_wconf 90' lang='lat' dir='ltr'>huius</span> <span class='ocrx_word' id='word_1_38' title='bbox 686 784 975 826; x_wconf 88' lang='lat' dir='ltr'>adulescentis</span> <span class='ocrx_word' id='word_1_39' title='bbox 1003 798 1096 826; x_wconf 88' lang='lat' dir='ltr'>esse</span> <span class='ocrx_word' id='word_1_40' title='bbox 1124 784 1368 826; x_wconf 87' lang='lat' dir='ltr'>summissa.</span> 
     </span>
     <span class='ocr_line' id='line_1_10' title="bbox 79 843 1369 898; baseline -0.001 -12"><span class='ocrx_word' id='word_1_41' title='bbox 79 859 182 887; x_wconf 90' lang='lat' dir='ltr'>nam</span> <span class='ocrx_word' id='word_1_42' title='bbox 213 844 386 886; x_wconf 87' lang='lat' dir='ltr'>etiamsi</span> <span class='ocrx_word' id='word_1_43' title='bbox 415 844 534 886; x_wconf 91' lang='lat' dir='ltr'>nullo</span> <span class='ocrx_word' id='word_1_44' title='bbox 566 843 758 886; x_wconf 84' lang='lat' dir='ltr'>themate</span> <span class='ocrx_word' id='word_1_45' title='bbox 791 843 844 885; x_wconf 90' lang='lat' dir='ltr'>ad</span> <span class='ocrx_word' id='word_1_46' title='bbox 875 843 918 885; x_wconf 91' lang='lat' dir='ltr'>id</span> <span class='ocrx_word' id='word_1_47' title='bbox 951 843 1175 898; x_wconf 78' lang='lat' dir='ltr'>alligatur,</span> <span class='ocrx_word' id='word_1_48' title='bbox 1214 846 1264 885; x_wconf 91' lang='lat' dir='ltr'>ut</span> <span class='ocrx_word' id='word_1_49' title='bbox 1293 858 1369 885; x_wconf 85' lang='lat' dir='ltr'>ne-</span> 
     </span>
     <span class='ocr_line' id='line_1_11' title="bbox 80 902 1440 958; baseline -0.001 -13"><span class='ocrx_word' id='word_1_50' title='bbox 80 918 198 946; x_wconf 89' lang='lat' dir='ltr'>cesse</span> <span class='ocrx_word' id='word_1_51' title='bbox 230 903 289 945; x_wconf 90' lang='lat' dir='ltr'>sit</span> <span class='ocrx_word' id='word_1_52' title='bbox 321 917 417 945; x_wconf 89' lang='lat' dir='ltr'>eum</span> <span class='ocrx_word' id='word_1_53' title='bbox 448 905 667 957; x_wconf 85' lang='lat' dir='ltr'>raptorem</span> <span class='ocrx_word' id='word_1_54' title='bbox 698 903 848 958; x_wconf 87' lang='lat' dir='ltr'>videri,</span> <span class='ocrx_word' id='word_1_55' title='bbox 879 903 943 944; x_wconf 86' lang='lat' dir='ltr'>rei</span> <span class='ocrx_word' id='word_1_56' title='bbox 974 905 1121 944; x_wconf 89' lang='lat' dir='ltr'>tamen</span> <span class='ocrx_word' id='word_1_57' title='bbox 1151 902 1366 945; x_wconf 88' lang='lat' dir='ltr'>iudicatae</span> <span class='ocrx_word' id='word_1_58' title='bbox 1396 911 1440 943; x_wconf 90' lang='lat'>10</span> 
     </span>
     <span class='ocr_line' id='line_1_12' title="bbox 78 961 1367 1017; baseline -0.001 -13"><span class='ocrx_word' id='word_1_59' title='bbox 78 962 219 1005; x_wconf 87' lang='lat' dir='ltr'>facere</span> <span class='ocrx_word' id='word_1_60' title='bbox 257 962 597 1004; x_wconf 86' lang='lat' dir='ltr'>controversiam</span> <span class='ocrx_word' id='word_1_61' title='bbox 635 976 724 1004; x_wconf 90' lang='lat' dir='ltr'>non</span> <span class='ocrx_word' id='word_1_62' title='bbox 761 964 924 1017; x_wconf 88' lang='lat' dir='ltr'>potest:</span> <span class='ocrx_word' id='word_1_63' title='bbox 970 964 1014 1003; x_wconf 92' lang='lat' dir='ltr'>et</span> <span class='ocrx_word' id='word_1_64' title='bbox 1046 961 1218 1004; x_wconf 88' lang='lat' dir='ltr'>videtur</span> <span class='ocrx_word' id='word_1_65' title='bbox 1260 961 1367 1003; x_wconf 89' lang='lat' dir='ltr'>mihi</span> 
     </span>
     <span class='ocr_line' id='line_1_13' title="bbox 77 1020 1368 1076; baseline -0.002 -12"><span class='ocrx_word' id='word_1_66' title='bbox 77 1021 194 1064; x_wconf 90' lang='lat' dir='ltr'>hunc</span> <span class='ocrx_word' id='word_1_67' title='bbox 229 1021 405 1064; x_wconf 89' lang='lat' dir='ltr'>modum</span> <span class='ocrx_word' id='word_1_68' title='bbox 442 1020 656 1063; x_wconf 88' lang='lat' dir='ltr'>custodire</span> <span class='ocrx_word' id='word_1_69' title='bbox 695 1021 866 1075; x_wconf 90' lang='lat' dir='ltr'>debere,</span> <span class='ocrx_word' id='word_1_70' title='bbox 917 1026 965 1063; x_wconf 89' lang='lat' dir='ltr'>ut</span> <span class='ocrx_word' id='word_1_71' title='bbox 1002 1021 1054 1063; x_wconf 94' lang='lat' dir='ltr'>de</span> <span class='ocrx_word' id='word_1_72' title='bbox 1092 1024 1224 1076; x_wconf 87' lang='lat' dir='ltr'>raptu</span> <span class='ocrx_word' id='word_1_73' title='bbox 1255 1020 1368 1062; x_wconf 88' lang='lat' dir='ltr'>nihil</span> 
     </span>
     <span class='ocr_line' id='line_1_14' title="bbox 74 1080 701 1137; baseline 0 -15"><span class='ocrx_word' id='word_1_74' title='bbox 74 1083 226 1137; x_wconf 88' lang='lat' dir='ltr'>neget,</span> <span class='ocrx_word' id='word_1_75' title='bbox 257 1080 370 1123; x_wconf 86' lang='lat' dir='ltr'>nihil</span> <span class='ocrx_word' id='word_1_76' title='bbox 400 1082 548 1122; x_wconf 89' lang='lat' dir='ltr'>tamen</span> <span class='ocrx_word' id='word_1_77' title='bbox 580 1080 701 1123; x_wconf 88' lang='lat' dir='ltr'>sciat.</span> 
     </span>
    </p>
   </div>
   <div class='ocr_carea' id='block_1_6' title="bbox 505 1197 958 1242">
    <p class='ocr_par' dir='ltr' id='par_1_6' title="bbox 505 1197 958 1242">
     <span class='ocr_line' id='line_1_15' title="bbox 505 1197 958 1242; baseline -0.002 -1"><span class='ocrx_word' id='word_1_78' title='bbox 505 1197 958 1242; x_wconf 81' lang='lat' dir='ltr'>DEOLAMATIO.</span> 
     </span>
    </p>
   </div>
   <div class='ocr_carea' id='block_1_7' title="bbox 75 1280 1440 2107">
    <p class='ocr_par' dir='ltr' id='par_1_7' title="bbox 75 1280 1440 2107">
     <span class='ocr_line' id='line_1_16' title="bbox 166 1280 1439 1336; baseline -0.002 -12"><span class='ocrx_word' id='word_1_79' title='bbox 166 1280 269 1324; x_wconf 90' lang='lat' dir='ltr'>Non</span> <span class='ocrx_word' id='word_1_80' title='bbox 300 1281 429 1336; x_wconf 88' lang='lat' dir='ltr'>aliud,</span> <span class='ocrx_word' id='word_1_81' title='bbox 458 1281 635 1336; x_wconf 88' lang='lat' dir='ltr'>iudices,</span> <span class='ocrx_word' id='word_1_82' title='bbox 668 1284 743 1323; x_wconf 88' lang='lat' dir='ltr'>aut</span> <span class='ocrx_word' id='word_1_83' title='bbox 775 1295 927 1323; x_wconf 90' lang='lat' dir='ltr'>causae</span> <span class='ocrx_word' id='word_1_84' title='bbox 959 1295 1080 1323; x_wconf 90' lang='lat' dir='ltr'>meae</span> <span class='ocrx_word' id='word_1_85' title='bbox 1114 1281 1258 1335; x_wconf 89' lang='lat' dir='ltr'>aptius</span> <span class='ocrx_word' id='word_1_86' title='bbox 1293 1283 1369 1323; x_wconf 87' lang='lat' dir='ltr'>aut</span> <span class='ocrx_word' id='word_1_87' title='bbox 1395 1290 1439 1322; x_wconf 86' lang='lat'>15</span> 
     </span>
     <span class='ocr_line' id='line_1_17' title="bbox 77 1340 1368 1396; baseline -0.001 -14"><span class='ocrx_word' id='word_1_88' title='bbox 77 1340 357 1383; x_wconf 83' lang='lat' dir='ltr'>verecundiae</span> <span class='ocrx_word' id='word_1_89' title='bbox 383 1340 674 1383; x_wconf 88' lang='lat' dir='ltr'>necessarium</span> <span class='ocrx_word' id='word_1_90' title='bbox 701 1341 842 1396; x_wconf 81' lang='lat' dir='ltr'>magis</span> <span class='ocrx_word' id='word_1_91' title='bbox 869 1342 946 1395; x_wconf 91' lang='lat' dir='ltr'>est,</span> <span class='ocrx_word' id='word_1_92' title='bbox 978 1355 1107 1395; x_wconf 90' lang='lat' dir='ltr'>quam</span> <span class='ocrx_word' id='word_1_93' title='bbox 1127 1342 1177 1382; x_wconf 91' lang='lat' dir='ltr'>ut</span> <span class='ocrx_word' id='word_1_94' title='bbox 1195 1340 1368 1395; x_wconf 88' lang='lat' dir='ltr'>puellae</span> 
     </span>
     <span class='ocr_line' id='line_1_18' title="bbox 79 1399 1368 1455; baseline -0.002 -13"><span class='ocrx_word' id='word_1_95' title='bbox 79 1399 338 1442; x_wconf 84' lang='lat' dir='ltr'>mitissimae</span> <span class='ocrx_word' id='word_1_96' title='bbox 383 1400 829 1454; x_wconf 86' lang='lat' dir='ltr'>clementissimaeque</span> <span class='ocrx_word' id='word_1_97' title='bbox 867 1399 1033 1455; x_wconf 85' lang='lat' dir='ltr'>gratias</span> <span class='ocrx_word' id='word_1_98' title='bbox 1073 1413 1221 1455; x_wconf 84' lang='lat' dir='ltr'>agam:</span> <span class='ocrx_word' id='word_1_99' title='bbox 1271 1399 1368 1454; x_wconf 87' lang='lat' dir='ltr'>lege</span> 
     </span>
     <span class='ocr_line' id='line_1_19' title="bbox 78 1458 1368 1515; baseline 0 -15"><span class='ocrx_word' id='word_1_100' title='bbox 78 1459 357 1515; x_wconf 88' lang='lat' dir='ltr'>permittente</span> <span class='ocrx_word' id='word_1_101' title='bbox 396 1473 570 1501; x_wconf 89' lang='lat' dir='ltr'>omnem</span> <span class='ocrx_word' id='word_1_102' title='bbox 601 1458 646 1500; x_wconf 89' lang='lat' dir='ltr'>in</span> <span class='ocrx_word' id='word_1_103' title='bbox 678 1473 746 1500; x_wconf 90' lang='lat' dir='ltr'>me</span> <span class='ocrx_word' id='word_1_104' title='bbox 778 1460 1042 1513; x_wconf 89' lang='lat' dir='ltr'>potestatem</span> <span class='ocrx_word' id='word_1_105' title='bbox 1074 1460 1226 1514; x_wconf 89' lang='lat' dir='ltr'>optare</span> <span class='ocrx_word' id='word_1_106' title='bbox 1258 1473 1368 1513; x_wconf 91' lang='lat' dir='ltr'>nup-</span> 
     </span>
     <span class='ocr_line' id='line_1_20' title="bbox 77 1517 1368 1573; baseline -0.002 -13"><span class='ocrx_word' id='word_1_107' title='bbox 77 1518 163 1560; x_wconf 90' lang='lat' dir='ltr'>tias</span> <span class='ocrx_word' id='word_1_108' title='bbox 197 1518 328 1560; x_wconf 87' lang='lat' dir='ltr'>etiam</span> <span class='ocrx_word' id='word_1_109' title='bbox 359 1518 599 1572; x_wconf 84' lang='lat' dir='ltr'>festinavit,</span> <span class='ocrx_word' id='word_1_110' title='bbox 627 1518 820 1560; x_wconf 88' lang='lat' dir='ltr'>nondum</span> <span class='ocrx_word' id='word_1_111' title='bbox 853 1533 922 1560; x_wconf 88' lang='lat' dir='ltr'>me</span> <span class='ocrx_word' id='word_1_112' title='bbox 948 1520 1145 1573; x_wconf 83' lang='lat' dir='ltr'>rogante,</span> <span class='ocrx_word' id='word_1_113' title='bbox 1175 1517 1368 1559; x_wconf 88' lang='lat' dir='ltr'>nondum</span> 
     </span>
     <span class='ocr_line' id='line_1_21' title="bbox 80 1575 1440 1634; baseline 0 -16"><span class='ocrx_word' id='word_1_114' title='bbox 80 1575 288 1633; x_wconf 76' lang='lat' dir='ltr'>(indicare</span> <span class='ocrx_word' id='word_1_115' title='bbox 321 1578 435 1619; x_wconf 88' lang='lat' dir='ltr'>enim</span> <span class='ocrx_word' id='word_1_116' title='bbox 467 1577 721 1631; x_wconf 88' lang='lat' dir='ltr'>simpliciter</span> <span class='ocrx_word' id='word_1_117' title='bbox 750 1591 926 1619; x_wconf 88' lang='lat' dir='ltr'>necesse</span> <span class='ocrx_word' id='word_1_118' title='bbox 960 1575 1045 1634; x_wconf 88' lang='lat' dir='ltr'>est)</span> <span class='ocrx_word' id='word_1_119' title='bbox 1079 1577 1235 1619; x_wconf 85' lang='lat' dir='ltr'>saltem</span> <span class='ocrx_word' id='word_1_120' title='bbox 1267 1591 1367 1619; x_wconf 89' lang='lat' dir='ltr'>con·</span> <span class='ocrx_word' id='word_1_121' title='bbox 1395 1586 1440 1617; x_wconf 83' lang='lat'>20</span> 
     </span>
     <span class='ocr_line' id='line_1_22' title="bbox 77 1636 1369 1691; baseline -0.001 -13"><span class='ocrx_word' id='word_1_122' title='bbox 77 1637 248 1691; x_wconf 87' lang='lat' dir='ltr'>fitente,</span> <span class='ocrx_word' id='word_1_123' title='bbox 279 1637 343 1678; x_wconf 89' lang='lat' dir='ltr'>ita</span> <span class='ocrx_word' id='word_1_124' title='bbox 373 1636 520 1690; x_wconf 84' lang='lat' dir='ltr'>facile,</span> <span class='ocrx_word' id='word_1_125' title='bbox 551 1637 614 1678; x_wconf 89' lang='lat' dir='ltr'>ita</span> <span class='ocrx_word' id='word_1_126' title='bbox 646 1636 863 1691; x_wconf 87' lang='lat' dir='ltr'>celeriter,</span> <span class='ocrx_word' id='word_1_127' title='bbox 895 1638 944 1678; x_wconf 92' lang='lat' dir='ltr'>ut</span> <span class='ocrx_word' id='word_1_128' title='bbox 975 1636 1047 1678; x_wconf 85' lang='lat' dir='ltr'>vix</span> <span class='ocrx_word' id='word_1_129' title='bbox 1079 1636 1190 1678; x_wconf 84' lang='lat' dir='ltr'>mihi</span> <span class='ocrx_word' id='word_1_130' title='bbox 1220 1636 1369 1678; x_wconf 87' lang='lat' dir='ltr'>verisi-</span> 
     </span>
     <span class='ocr_line' id='line_1_23' title="bbox 76 1694 1368 1750; baseline -0.001 -12"><span class='ocrx_word' id='word_1_131' title='bbox 76 1695 180 1738; x_wconf 89' lang='lat' dir='ltr'>mile</span> <span class='ocrx_word' id='word_1_132' title='bbox 210 1695 451 1750; x_wconf 86' lang='lat' dir='ltr'>videretur,</span> <span class='ocrx_word' id='word_1_133' title='bbox 494 1695 616 1738; x_wconf 88' lang='lat' dir='ltr'>illam</span> <span class='ocrx_word' id='word_1_134' title='bbox 647 1696 851 1738; x_wconf 91' lang='lat' dir='ltr'>iniuriam</span> <span class='ocrx_word' id='word_1_135' title='bbox 883 1695 1112 1750; x_wconf 89' lang='lat' dir='ltr'>accepisse.</span> <span class='ocrx_word' id='word_1_136' title='bbox 1162 1694 1368 1737; x_wconf 89' lang='lat' dir='ltr'>Proxima</span> 
     </span>
     <span class='ocr_line' id='line_1_24' title="bbox 79 1754 1368 1811; baseline -0.001 -14"><span class='ocrx_word' id='word_1_137' title='bbox 79 1754 133 1797; x_wconf 90' lang='lat' dir='ltr'>ab</span> <span class='ocrx_word' id='word_1_138' title='bbox 159 1754 241 1797; x_wconf 88' lang='lat' dir='ltr'>hac</span> <span class='ocrx_word' id='word_1_139' title='bbox 266 1756 506 1811; x_wconf 86' lang='lat' dir='ltr'>gratiarum</span> <span class='ocrx_word' id='word_1_140' title='bbox 532 1755 703 1797; x_wconf 86' lang='lat' dir='ltr'>actione</span> <span class='ocrx_word' id='word_1_141' title='bbox 730 1755 859 1798; x_wconf 91' lang='lat' dir='ltr'>debet</span> <span class='ocrx_word' id='word_1_142' title='bbox 884 1769 979 1798; x_wconf 91' lang='lat' dir='ltr'>esse</span> <span class='ocrx_word' id='word_1_143' title='bbox 1006 1754 1239 1797; x_wconf 86' lang='lat' dir='ltr'>confessio:</span> <span class='ocrx_word' id='word_1_144' title='bbox 1271 1769 1368 1810; x_wconf 86' lang='lat' dir='ltr'>pec-</span> 
     </span>
     <span class='ocr_line' id='line_1_25' title="bbox 77 1814 1366 1870; baseline -0.001 -14"><span class='ocrx_word' id='word_1_145' title='bbox 77 1828 199 1856; x_wconf 85' lang='lat' dir='ltr'>casse</span> <span class='ocrx_word' id='word_1_146' title='bbox 243 1829 330 1868; x_wconf 91' lang='lat' dir='ltr'>me,</span> <span class='ocrx_word' id='word_1_147' title='bbox 376 1814 490 1870; x_wconf 91' lang='lat' dir='ltr'>quod</span> <span class='ocrx_word' id='word_1_148' title='bbox 534 1814 844 1868; x_wconf 84' lang='lat' dir='ltr'>dubitaverim,</span> <span class='ocrx_word' id='word_1_149' title='bbox 890 1814 1045 1856; x_wconf 87' lang='lat' dir='ltr'>fateor.</span> <span class='ocrx_word' id='word_1_150' title='bbox 1108 1814 1212 1869; x_wconf 91' lang='lat' dir='ltr'>quid</span> <span class='ocrx_word' id='word_1_151' title='bbox 1250 1814 1366 1855; x_wconf 89' lang='lat' dir='ltr'>enim</span> 
     </span>
     <span class='ocr_line' id='line_1_26' title="bbox 76 1873 1440 1929; baseline 0 -15"><span class='ocrx_word' id='word_1_152' title='bbox 76 1873 185 1915; x_wconf 90' lang='lat' dir='ltr'>mihi</span> <span class='ocrx_word' id='word_1_153' title='bbox 222 1874 474 1929; x_wconf 85' lang='lat' dir='ltr'>contingere</span> <span class='ocrx_word' id='word_1_154' title='bbox 514 1874 748 1928; x_wconf 83' lang='lat' dir='ltr'>optabilius</span> <span class='ocrx_word' id='word_1_155' title='bbox 780 1876 1002 1928; x_wconf 88' lang='lat' dir='ltr'>potuerat,</span> <span class='ocrx_word' id='word_1_156' title='bbox 1041 1874 1175 1915; x_wconf 89' lang='lat' dir='ltr'>etiam</span> <span class='ocrx_word' id='word_1_157' title='bbox 1208 1874 1244 1914; x_wconf 89' lang='lat' dir='ltr'>si</span> <span class='ocrx_word' id='word_1_158' title='bbox 1275 1887 1366 1915; x_wconf 91' lang='lat' dir='ltr'>non</span> <span class='ocrx_word' id='word_1_159' title='bbox 1393 1882 1440 1914; x_wconf 83' lang='lat'>25</span> 
     </span>
     <span class='ocr_line' id='line_1_27' title="bbox 77 1932 1368 1988; baseline 0 -15"><span class='ocrx_word' id='word_1_160' title='bbox 77 1932 350 1987; x_wconf 81' lang='lat' dir='ltr'>rapuissem?</span> <span class='ocrx_word' id='word_1_161' title='bbox 407 1933 482 1974; x_wconf 90' lang='lat' dir='ltr'>sed</span> <span class='ocrx_word' id='word_1_162' title='bbox 518 1932 646 1974; x_wconf 89' lang='lat' dir='ltr'>huius</span> <span class='ocrx_word' id='word_1_163' title='bbox 685 1933 1010 1988; x_wconf 87' lang='lat' dir='ltr'>qualiscumque</span> <span class='ocrx_word' id='word_1_164' title='bbox 1050 1932 1203 1987; x_wconf 90' lang='lat' dir='ltr'>culpae</span> <span class='ocrx_word' id='word_1_165' title='bbox 1246 1946 1368 1974; x_wconf 90' lang='lat' dir='ltr'>meae</span> 
     </span>
     <span class='ocr_line' id='line_1_28' title="bbox 75 1991 1369 2046; baseline 0 -13"><span class='ocrx_word' id='word_1_166' title='bbox 75 2005 174 2046; x_wconf 85' lang='lat' dir='ltr'>spes</span> <span class='ocrx_word' id='word_1_167' title='bbox 219 1991 360 2034; x_wconf 90' lang='lat' dir='ltr'>omnis</span> <span class='ocrx_word' id='word_1_168' title='bbox 404 1991 452 2033; x_wconf 89' lang='lat' dir='ltr'>in</span> <span class='ocrx_word' id='word_1_169' title='bbox 496 1991 641 2033; x_wconf 88' lang='lat' dir='ltr'>animo</span> <span class='ocrx_word' id='word_1_170' title='bbox 686 1992 815 2034; x_wconf 86' lang='lat' dir='ltr'>istius</span> <span class='ocrx_word' id='word_1_171' title='bbox 862 1994 944 2046; x_wconf 90' lang='lat' dir='ltr'>est,</span> <span class='ocrx_word' id='word_1_172' title='bbox 989 2005 1100 2046; x_wconf 88' lang='lat' dir='ltr'>quae</span> <span class='ocrx_word' id='word_1_173' title='bbox 1138 1991 1369 2046; x_wconf 85' lang='lat' dir='ltr'>ignoscere</span> 
     </span>
     <span class='ocr_line' id='line_1_29' title="bbox 80 2050 1367 2107; baseline 0 -15"><span class='ocrx_word' id='word_1_174' title='bbox 80 2050 204 2093; x_wconf 88' lang='lat' dir='ltr'>solet.</span> <span class='ocrx_word' id='word_1_175' title='bbox 248 2050 568 2107; x_wconf 86' lang='lat' dir='ltr'>quantumlibet</span> <span class='ocrx_word' id='word_1_176' title='bbox 588 2050 920 2093; x_wconf 87' lang='lat' dir='ltr'>contradicendo</span> <span class='ocrx_word' id='word_1_177' title='bbox 941 2050 1197 2106; x_wconf 89' lang='lat' dir='ltr'>pecaverim,</span> <span class='ocrx_word' id='word_1_178' title='bbox 1224 2050 1367 2092; x_wconf 89' lang='lat' dir='ltr'>minus</span> 
     </span>
    </p>
   </div>
   <div class='ocr_carea' id='block_1_8' title="bbox 76 2177 1370 2319">
    <p class='ocr_par' dir='ltr' id='par_1_8' title="bbox 76 2177 1370 2319">
     <span class='ocr_line' id='line_1_30' title="bbox 159 2177 1370 2226; baseline -0.002 -12"><span class='ocrx_word' id='word_1_179' title='bbox 159 2182 193 2214; x_wconf 81' lang='grc'>·6</span> <span class='ocrx_word' id='word_1_180' title='bbox 219 2178 287 2214; x_wconf 89' lang='lat' dir='ltr'>illa</span> <span class='ocrx_word' id='word_1_181' title='bbox 310 2177 504 2226; x_wconf 77' lang='lat' dir='ltr'>(iterum)</span> <span class='ocrx_word' id='word_1_182' title='bbox 530 2180 605 2224; x_wconf 90' lang='lat' dir='ltr'>opt.</span> <span class='ocrx_word' id='word_1_183' title='bbox 632 2190 667 2214; x_wconf 87' lang='lat' dir='ltr'>v.</span> <span class='ocrx_word' id='word_1_184' title='bbox 688 2178 774 2214; x_wconf 80' lang='lat' dir='ltr'>Aer.</span> <span class='ocrx_word' id='word_1_185' title='bbox 794 2180 806 2225; x_wconf 76' lang='grc' dir='ltr'>ΙΙ</span> <span class='ocrx_word' id='word_1_186' title='bbox 825 2182 846 2214; x_wconf 88' lang='grc'>8</span> <span class='ocrx_word' id='word_1_187' title='bbox 871 2178 982 2213; x_wconf 87' lang='lat' dir='ltr'>huius</span> <span class='ocrx_word' id='word_1_188' title='bbox 1009 2189 1075 2214; x_wconf 85' lang='lat' dir='ltr'>om.</span> <span class='ocrx_word' id='word_1_189' title='bbox 1097 2181 1126 2212; x_wconf 87' lang='grc' dir='ltr'><strong>Δ</strong></span> <span class='ocrx_word' id='word_1_190' title='bbox 1145 2178 1157 2223; x_wconf 85' lang='grc' dir='ltr'>ΙΙ</span> <span class='ocrx_word' id='word_1_191' title='bbox 1176 2181 1196 2213; x_wconf 88' lang='grc'><strong>9</strong></span> <span class='ocrx_word' id='word_1_192' title='bbox 1219 2177 1282 2214; x_wconf 85' lang='lat' dir='ltr'>all.</span> <span class='ocrx_word' id='word_1_193' title='bbox 1303 2179 1370 2213; x_wconf 87' lang='lat' dir='ltr'>aut</span> 
     </span>
     <span class='ocr_line' id='line_1_31' title="bbox 77 2226 1368 2272; baseline 0.001 -13"><span class='ocrx_word' id='word_1_194' title='bbox 77 2236 155 2260; x_wconf 84' lang='lat' dir='ltr'>nec.</span> <span class='ocrx_word' id='word_1_195' title='bbox 174 2228 205 2259; x_wconf 80' lang='grc' dir='ltr'><strong>Δ</strong></span> <span class='ocrx_word' id='word_1_196' title='bbox 223 2226 235 2271; x_wconf 80' lang='grc' dir='ltr'>ΙΙ</span> <span class='ocrx_word' id='word_1_197' title='bbox 256 2230 299 2261; x_wconf 85' lang='grc'>16</span> <span class='ocrx_word' id='word_1_198' title='bbox 325 2226 551 2261; x_wconf 85' lang='lat' dir='ltr'>verecundia</span> <span class='ocrx_word' id='word_1_199' title='bbox 575 2229 602 2259; x_wconf 85' lang='lat' dir='ltr'>B</span> <span class='ocrx_word' id='word_1_200' title='bbox 621 2227 634 2271; x_wconf 72' lang='grc' dir='ltr'>ΙΙ</span> <span class='ocrx_word' id='word_1_201' title='bbox 656 2230 697 2261; x_wconf 78' lang='grc'>17</span> <span class='ocrx_word' id='word_1_202' title='bbox 724 2226 848 2272; x_wconf 89' lang='lat' dir='ltr'>legem</span> <span class='ocrx_word' id='word_1_203' title='bbox 873 2229 903 2260; x_wconf 81' lang='lat' dir='ltr'>A</span> <span class='ocrx_word' id='word_1_204' title='bbox 933 2227 945 2271; x_wconf 87' lang='grc' dir='ltr'>ΙΙ</span> <span class='ocrx_word' id='word_1_205' title='bbox 979 2229 1022 2260; x_wconf 85' lang='grc'>19</span> <span class='ocrx_word' id='word_1_206' title='bbox 1053 2226 1220 2261; x_wconf 86' lang='lat' dir='ltr'>nondum</span> <span class='ocrx_word' id='word_1_207' title='bbox 1252 2226 1368 2260; x_wconf 84' lang='lat' dir='ltr'>inter—</span> 
     </span>
     <span class='ocr_line' id='line_1_32' title="bbox 76 2272 1370 2319; baseline -0.001 -13"><span class='ocrx_word' id='word_1_208' title='bbox 76 2275 233 2317; x_wconf 87' lang='lat' dir='ltr'>rogante</span> <span class='ocrx_word' id='word_1_209' title='bbox 257 2276 284 2306; x_wconf 86' lang='lat' dir='ltr'>B</span> <span class='ocrx_word' id='word_1_210' title='bbox 315 2275 327 2319; x_wconf 76' lang='lat' dir='ltr'>H</span> <span class='ocrx_word' id='word_1_211' title='bbox 357 2277 403 2308; x_wconf 81' lang='lat'>20</span> <span class='ocrx_word' id='word_1_212' title='bbox 428 2273 618 2309; x_wconf 84' lang='lat' dir='ltr'>indicante</span> <span class='ocrx_word' id='word_1_213' title='bbox 645 2276 698 2307; x_wconf 78' lang='lat' dir='ltr'>Aa.</span> <span class='ocrx_word' id='word_1_214' title='bbox 722 2275 733 2319; x_wconf 85' lang='grc' dir='ltr'>ΙΙ</span> <span class='ocrx_word' id='word_1_215' title='bbox 759 2272 979 2319; x_wconf 84' lang='lat' dir='ltr'>suppliciter</span> <span class='ocrx_word' id='word_1_216' title='bbox 1003 2275 1031 2306; x_wconf 86' lang='lat' dir='ltr'>B</span> <span class='ocrx_word' id='word_1_217' title='bbox 1058 2274 1069 2319; x_wconf 77' lang='grc'>11</span> <span class='ocrx_word' id='word_1_218' title='bbox 1095 2276 1139 2308; x_wconf 83' lang='grc'>25</span> <span class='ocrx_word' id='word_1_219' title='bbox 1166 2273 1318 2318; x_wconf 86' lang='lat' dir='ltr'>poterat</span> <span class='ocrx_word' id='word_1_220' title='bbox 1341 2275 1370 2305; x_wconf 77' lang='lat' dir='ltr'>P</span> 
     </span>
    </p>
   </div>
  </div>
 </body>
</html>
