1578 2470
140 490 160 522 5

189 71 274 113 388
669 72 697 115 Q
705 73 970 110 UINTILIANI

703 202 932 247 GGGLVI.

227 283 383 325 Filius
415 294 500 336 pro
533 284 783 327 meretrice
813 285 964 338 patris
996 297 1128 329 suam
1157 287 1407 332 redimens·

187 364 367 413 Quidam
404 365 621 408 luxurioso
658 367 770 421 filio,
807 368 970 409 amanti
1006 369 1290 421 meretricem,
1329 370 1445 412 dedit

303 424 539 490 pecuniam,
559 427 606 466 ut
626 424 708 466 sibi
729 429 887 467 emeret
906 441 999 467 eam
1019 428 1296 483 meretricem,
1317 443 1444 483 quam

303 482 394 536 ipse
431 484 554 535 pater
593 483 778 525 amabat.
838 484 910 525 ille
949 499 1043 526 eam
1080 485 1274 540 redemit,
1318 501 1444 541 quam

303 540 394 594 ipse
427 540 672 583 adulescens
706 542 891 584 amabat.
941 542 1173 585 abdicatur.

701 656 930 699 SERMO.

272 735 353 777 Hic
384 750 510 778 senex
543 737 654 778 dicet
685 737 820 778 filium
845 738 974 779 fuisse
999 738 1263 781 luxuriosum
1288 742 1332 781 et
1355 753 1441 781 non

187 794 276 836 sine
315 795 498 836 maximo
537 796 783 848 patrimonii
821 810 868 837 ac
905 796 1046 838 famae
1084 796 1238 839 damno
1283 812 1447 839 amasse

118 863 160 894 10
187 853 461 894 meretricem.
541 853 608 894 cui
657 854 771 895 malo
821 854 1007 896 voluisse
1056 855 1211 897 mederi
1262 858 1448 909 patrem.

117 1154 160 1184 15

116 1445 160 1476 20

116 1734 160 1766 25

186 925 311 964 saepe
369 911 641 965 obiurgatum
697 912 856 965 filium3
912 926 1037 977 saepe
1087 916 1270 967 secreto,
1324 927 1448 967 saepe

186 969 314 1010 etiam
346 969 487 1022 palam
520 970 789 1024 castigatum.
845 984 939 1010 cum
969 970 1055 1011 iam
1085 985 1164 1012 nec
1195 971 1447 1026 sumptibus,

183 1041 261 1068 nec
293 1027 672 1080 <in>verecundiae
727 1028 822 1068 finis
853 1028 1016 1081 imponi
1047 1031 1212 1082 posset,
1245 1028 1446 1070 habuisse

186 1100 281 1126 cum
318 1085 512 1139 cognatis
551 1085 794 1138 consilium,
833 1085 1036 1139 quidnam
1074 1101 1118 1127 se
1154 1087 1293 1128 facere
1325 1101 1447 1140 opor-

186 1146 308 1184 teret.
370 1142 615 1184 abdicaret‘?
661 1144 732 1184 sed
769 1146 891 1185 tanto
928 1143 1101 1185 liberior
1136 1143 1290 1196 fuisset
1329 1145 1447 1186 luxu-

184 1202 259 1242 ria.
321 1201 585 1254 castigaret?
636 1201 708 1242 sed
752 1201 861 1241 nihil
906 1201 1155 1255 castigando
1201 1201 1450 1256 profecerat.

186 1259 441 1301 succurrisse
473 1259 667 1313 cognatis
700 1262 742 1300 et
774 1259 919 1300 amicis
950 1261 1176 1313 rationem,
1209 1274 1292 1314 qua
1322 1263 1446 1314 puta-

184 1319 280 1359 rent
322 1317 516 1358 iuvenem
554 1331 680 1371 posse
718 1317 951 1358 emendari:
996 1318 1031 1358 si
1069 1318 1288 1359 simularet
1325 1321 1447 1372 pater

186 1376 320 1417 amari
359 1391 384 1417 a
424 1390 468 1416 se
499 1375 766 1417 meretricem
799 1377 841 1416 et
872 1375 994 1416 daret
1023 1377 1246 1429 pecuniam
1276 1376 1447 1430 potissi-

186 1449 302 1475 mum
338 1435 422 1488 ipsi
463 1434 552 1474 filio
597 1434 649 1475 ad
692 1433 998 1488 redimendam3
1035 1434 1147 1488 quod
1185 1435 1222 1476 si
1263 1434 1446 1488 fecisset,

184 1493 392 1546 futurum,
435 1494 482 1533 ut
526 1492 725 1533 meretrix
773 1491 992 1545 redempta
1042 1492 1178 1533 altera
1216 1493 1448 1545 meretrice,

186 1551 337 1591 deinde
369 1551 422 1591 ab
454 1550 550 1602 ipso
584 1550 851 1591 adulescente
882 1550 1116 1604 redempta,
1153 1550 1447 1604 indignaretur

187 1611 229 1649 et
259 1609 379 1649 illum
411 1622 555 1649 amare
587 1607 809 1649 desineret.
851 1622 951 1649 nam
982 1608 1106 1649 initio
1136 1609 1283 1650 statim
1309 1608 1449 1649 dicen·

188 1666 288 1708 dum
314 1669 390 1719 est,
417 1666 543 1719 culpa
568 1666 801 1706 meretricis
827 1666 1020 1706 iuvenem
1054 1666 1261 1707 haesisse:
1294 1669 1336 1706 et
1355 1666 1448 1707 ideo

189 1726 444 1779 quaesitam,
488 1737 594 1777 quae
639 1726 854 1775 avocaret,
899 1726 941 1764 et
984 1723 1058 1764 illa
1100 1724 1266 1764 ratione
1306 1723 1450 1764 datam

186 1783 329 1824 iuveni
369 1782 604 1835 pecuniam.
665 1784 709 1822 at
739 1781 862 1822 illum
894 1781 1088 1834 protinus
1129 1781 1364 1823 cucurrisse
1397 1781 1450 1822 ad

187 1841 451 1882 meretricem
497 1853 635 1881 suam:
680 1843 843 1893 patrem
889 1842 1050 1893 autem,
1090 1839 1290 1893 quoniam
1327 1839 1448 1880 nullo

188 1899 314 1941 modo
346 1912 496 1940 sanare
527 1898 662 1938 filium
694 1898 898 1950 potuerit,
936 1897 988 1938 ad
1018 1897 1214 1939 ultimam
1243 1897 1450 1939 ultionem

189 1957 432 2012 confugere3
455 1956 650 1997 abdicare
671 1956 818 2009 filium,
840 1956 939 2009 quia
959 1956 1183 1997 emendare
1202 1970 1288 1997 non
1306 1956 1451 2010 possit.

295 2086 358 2116 5—-
365 2085 385 2116 6
411 2082 516 2127 pater
541 2093 573 2116 a.
599 2082 623 2116 i.
650 2093 679 2117 e.
706 2094 734 2116 r.
761 2094 793 2125 q.
820 2081 898 2126 ipse
924 2091 989 2116 om.
1008 2084 1034 2114 B
1065 2082 1076 2126 ΙΙ
1107 2084 1127 2115 9
1152 2078 1378 2115 matrimonii
1400 2082 1427 2113 Β
1445 2080 1456 2124 l}

199 2132 243 2163 13
275 2128 515 2163 verecundiae
539 2131 613 2172 AB,
639 2139 728 2163 coqmr
755 2128 825 2162 bch
851 2129 864 2172 ss
896 2126 1258 2162 15—161uxuriae3
1287 2126 1300 2170 ΙΙ
1332 2129 1373 2161 17
1399 2137 1456 2161 ra-

195 2176 296 2210 tione
322 2178 348 2208 B
379 2176 391 2220 ΙΙ
424 2178 464 2209 18
490 2177 613 2220 patres
637 2177 664 2208 B
694 2175 707 2219 ΙΙ
738 2179 826 2208 19-
831 2178 875 2208 20
899 2174 1090 2218 potissime
1115 2174 1234 2218 31128
1260 2172 1454 2218 ultionem]

196 2223 279 2266 fort.
300 2222 320 2242 ²⁸
339 2221 519 2257 rationem
538 2222 549 2267 ΙΙ
568 2226 611 2256 29
637 2223 760 2266 potest
785 2224 857 2264 ΔΒ,
883 2231 972 2256 coro.
998 2221 1055 2256 Ro
1079 2224 1111 2256 et
1135 2220 1187 2255 Εἰ
