1586 2476
167 738 210 769 10

168 1132 210 1163 15

135 1475 212 1535 ⁴20

168 1791 213 1823 25

236 100 293 143 52
714 103 1013 147 QUINT1L1AN1

235 210 283 250 ut
312 208 526 250 beneficiis
559 210 830 253 vinceremur.
871 212 943 253 sed
973 226 1108 267 neque
1133 213 1180 255 in
1203 227 1271 256 me
1295 213 1369 255 ille
1394 227 1491 269 pro-

235 266 356 308 bavit
387 266 513 320 aliud,
545 281 671 321 quam
701 269 916 322 pietatem.
982 269 1087 312 vidit
1116 270 1239 314 fletus
1271 285 1401 325 meos,
1431 271 1490 313 vi-

236 323 299 365 dit
327 325 460 366 totius
493 324 624 366 animi
656 328 783 380 atque
814 327 944 369 etiam
975 328 1164 382 corporis
1194 328 1488 372 defectionem:

238 382 297 423 sic
328 381 509 436 homini,
545 383 655 424 inter
684 385 895 439 principes
925 389 1096 427 nostrae
1127 386 1314 429 civitatis
1344 401 1489 429 nume-

237 439 384 493 rando,
415 441 535 495 coepi
566 441 678 483 bona
709 456 800 484 esse
831 443 1036 485 condicio.

323 497 470 552 Itaque
524 499 728 554 intellego
778 501 901 554 mihi,
955 501 1130 555 iudices,
1183 516 1270 544 non
1315 503 1361 544 in
1408 503 1490 545 hoc

235 557 404 596 tantum
442 557 739 611 laborandum,
781 563 829 600 ut
865 559 973 600 iram
1016 559 1151 614 patris
1192 560 1400 616 mitigem,
1443 563 1492 602 ut

235 613 408 655 leniam:
444 614 550 656 illud
580 618 646 657 est
675 616 861 669 partium
893 631 1095 670 mearum,
1133 617 1240 659 illud
1270 618 1390 660 vobis
1423 618 1492 660 ad-

234 670 384 713 hibitis
416 686 534 726 rogo,
568 674 613 714 in
644 675 827 728 gratiam
858 675 962 716 velit
990 674 1125 716 redire
1154 675 1240 717 iam
1270 690 1365 718 cum
1395 690 1491 730 pro·

235 729 393 783 pinquo
425 733 540 785 meo',
580 745 674 772 cum
706 732 973 786 redemptore
1004 746 1093 774 suo.
1152 747 1238 775 non
1267 733 1380 775 enim
1410 734 1491 776 iac-

234 787 337 828 tabo
369 802 507 830 meam
531 789 753 843 pietatem:
784 790 897 831 illius
928 804 1034 844 opus
1066 793 1144 844 est,
1174 791 1287 846 quod
1317 791 1487 833 redemi.

739 903 987 948 CCLVIII.

473 983 634 1027 Fortis
666 985 920 1027 contumax
950 985 1077 1039 patri
1107 985 1242 1028 forti.

236 1062 283 1106 S1
308 1075 403 1106 DUO
429 1075 518 1106 AU'r
544 1076 716 1107 PLURES
742 1077 973 1108 FORTITER
998 1077 1239 1117 FECERmT,
1269 1079 1330 1108 DE
1356 1078 1490 1109 PRAE-
1517 1060 1525 1069 '

352 1133 436 1164 Mlo
473 1134 608 1165 ARMIS
653 1135 975 1166 CONTENDANT.
1034 1137 1113 1166 vm
1148 1136 1491 1180 FORTISyOPTE‘r

353 1191 479 1230 QUOD
511 1192 673 1223 VOLET.
718 1181 846 1223 Pater
878 1185 920 1224 et
950 1182 1063 1224 filius
1095 1182 1264 1224 fortiter
1293 1182 1494 1225 fecerunt.

352 1238 469 1292 peti<
471 1239 533 1291 i>t
563 1242 686 1292 pater
717 1253 742 1280 a
771 1239 874 1292 filio,
905 1243 953 1281 ut
983 1240 1149 1282 cederet
1181 1241 1262 1282 sibi
1285 1241 1493 1296 praemio3

352 1310 439 1338 non
469 1297 733 1351 impetravit:
765 1298 891 1339 cessit
919 1297 1012 1352 ipse
1044 1300 1087 1339 et
1118 1298 1297 1340 abdicat.

644 1410 1087 1454 DEOLAMATIO.

324 1491 510 1533 Etiamsi
551 1492 810 1535 dissimulari
851 1495 1016 1548 posset,
1065 1508 1172 1548 quae
1213 1508 1340 1536 causa
1382 1496 1495 1549 patri

237 1550 401 1603 fuisset,
431 1550 573 1604 ipsum
602 1552 747 1592 tamen
778 1550 859 1592 hoc
891 1551 1158 1593 abdicatione
1189 1552 1366 1607 dignum
1392 1555 1495 1608 erat,

238 1607 397 1662 aliquid
426 1608 591 1661 petenti
620 1621 811 1663 negasse.
866 1611 1068 1662 quantum
1100 1609 1213 1650 enim
1242 1610 1349 1652 mihi
1378 1624 1495 1665 prae-

240 1668 353 1707 stare
383 1667 565 1719 poterat,
599 1668 647 1706 ut
676 1665 799 1720 paria
829 1666 1049 1707 redderet?
1097 1681 1182 1708 non
1213 1667 1299 1708 iam
1328 1668 1493 1722 imputo

237 1723 312 1764 illa
341 1722 547 1778 vulgaria,
576 1723 713 1764 lucem
739 1726 782 1764 et
806 1724 870 1764 ius
896 1723 1111 1766 libertatis
1143 1727 1185 1766 et
1214 1739 1339 1767 usum
1367 1725 1495 1768 vitae.

237 1781 319 1823 hoc
355 1781 538 1835 imputo:
583 1780 695 1835 quod
731 1781 898 1822 fortiter
933 1781 1089 1836 fecisti,
1129 1782 1295 1824 roboris
1333 1785 1375 1825 et
1406 1797 1497 1825 cor-

238 1839 354 1894 poris
385 1840 484 1890 mei,
515 1853 656 1880 meum
688 1842 768 1880 est:
803 1839 966 1880 animus
996 1839 1077 1882 iste
1109 1840 1161 1881 ad
1192 1841 1498 1883 contemnenda

238 1897 427 1951 pericula
456 1899 630 1951 paratus
655 1910 706 1938 ex
725 1911 819 1938 meo
838 1897 971 1939 fluxit.
1009 1911 1088 1952 ego
1107 1900 1151 1939 te
1169 1898 1240 1940 diu
1259 1899 1493 1954 praeceptis

238 1955 319 1997 feci
350 1955 486 1997 virum
517 1954 682 2009 fortem,
713 1955 903 2009 proxime
935 1955 1100 2010 quidem
1132 1956 1261 1998 etiam
1292 1957 1494 2011 exemplo.

332 2060 354 2091 4
379 2057 547 2092 homines
572 2060 598 2091 B
617 2058 629 2102 ΙΙ
649 2061 669 2092 5
695 2056 793 2101 cepit
819 2059 915 2103 3118
941 2058 1101 2102 legniam
1128 2061 1180 2092 Aa
1197 2060 1209 2104 ΙΙ
1230 2062 1272 2093 16
1297 2059 1336 2094 et
1360 2060 1397 2094 et
1420 2061 1493 2092 B—

238 2106 264 2136 P
282 2104 293 2147 ΙΙ
315 2106 356 2138 17
382 2102 566 2150 *peti<i>t
595 2105 606 2149 n
639 2107 681 2138 18
706 2104 901 2148 imperavit
925 2107 954 2138 Δ
983 2105 995 2149 ΙΙ
1025 2107 1069 2139 22
1094 2105 1243 2148 petente
1267 2107 1294 2138 B
1318 2106 1330 2150 ΙΙ
1355 2107 1400 2140 25
1424 2105 1494 2140 hoc

239 2149 309 2184 hoc
334 2152 364 2183 Δ
382 2151 393 2194 ΙΙ
412 2149 487 2185 rob.
513 2152 555 2185 ut
580 2160 678 2195 corp.
704 2153 756 2184 Aa
778 2152 791 2195 ΙΙ
821 2154 957 2186 25-27
984 2151 1062 2187 rob.
1086 2149 1197 2198 (est)
1221 2151 1258 2186 et
1282 2161 1382 2196 corp.
1406 2151 1496 2194 mei;

241 2205 344 2231 meus
376 2198 433 2231 est
464 2196 606 2231 animus
631 2197 699 2231 iste
726 2208 756 2231 a..
786 2207 816 2231 0.
842 2209 876 2242 p.
902 2198 1070 2242 paratus:
1107 2207 1151 2232 ex
1174 2209 1221 2232 m.
1246 2196 1280 2233 fl.
1307 2196 1364 2233 Ro
1401 2199 1414 2243 u
1450 2201 1494 2232 26

239 2242 486 2278 contentenda
510 2247 535 2276 1²
