1586 2476
177 547 197 576 5

152 835 197 867 10

148 1194 189 1225 15

143 1483 189 1515 20

142 1773 185 1804 25

231 129 288 171 38
710 131 1008 174 QUINTILIANI

759 259 950 304 GCLIV.

373 340 502 382 Exul
533 342 776 384 accusator
808 343 856 384 et
887 343 1145 386 sententiae
1175 355 1325 399 pares.

224 421 369 475 Exun,
401 434 479 472 QUI
511 434 749 465 SECRETUM
781 435 843 465 AD
873 435 1199 466 REMPUBLIGAM
1223 437 1481 469 Pssnrmssns

341 491 562 522 INDICARE
607 493 857 536 vonunmrr,
906 494 1091 524 HABEAT
1135 495 1183 524 m
1233 494 1482 526 cwl‘rA‘rEM

341 549 580 580 REDEUNDI
623 550 938 594 Po'rEs'rA'rEM,
986 552 1045 581 ΕΤ
1090 551 1131 583 SI
1176 552 1480 595 INDIOAVERIT,

338 608 526 638 MANEAT
565 609 614 638 IN
651 607 878 640 οΙνΙΤΑΤΕ.
940 598 1052 640 Exul
1091 598 1198 641 dixit
1234 614 1278 642 se
1315 600 1483 655 habere,

339 654 452 708 quod
484 655 535 696 de
567 654 781 697 adfectata
812 656 1037 710 tyrannide
1070 656 1237 700 diceret.
1291 658 1408 699 venit
1437 658 1482 700 in

337 712 565 754 civitatem.
602 713 837 766 postulavit
861 728 990 755 reum.
1029 714 1066 756 is
1092 715 1238 770 aequis
1258 715 1480 758 sententiis

337 770 559 812 absolutus
592 773 668 812 est.
700 771 782 813 fert
812 771 984 826 quidam
1013 772 1294 828 rogationem,
1323 775 1371 816 ut
1395 788 1480 816 ma-

339 830 451 869 neat.
483 826 576 870 OD.

731 932 758 974 S
768 932 804 974 E
818 933 961 975 RMO.

303 1010 453 1052 Potest
484 1012 626 1053 venire
656 1012 702 1052 in
733 1012 924 1067 dubium,
956 1028 1038 1068 quo
1070 1027 1223 1068 genere
1254 1014 1474 1057 divisionis

215 1068 279 1110 uti
310 1082 388 1110 nos
420 1069 463 1110 in
495 1069 575 1111 hac
601 1071 892 1112 controversia
916 1074 1124 1126 oporteat.
1171 1071 1338 1114 videtur
1363 1073 1478 1114 enim

215 1127 423 1181 quaedam
466 1141 591 1181 posse
627 1127 763 1169 dicere
801 1129 929 1170 etiam
962 1130 1069 1171 citra
1104 1130 1373 1184 rogationem
1410 1131 1479 1173 ad-

215 1186 391 1226 vocatus
417 1184 542 1227 huius
569 1185 713 1238 exulis,
744 1201 819 1240 per
845 1201 951 1240 quae
976 1188 1040 1228 ius
1061 1187 1261 1229 manendi
1281 1188 1475 1231 vindicet.

214 1244 355 1283 utrum
399 1255 500 1297 ergo
543 1243 666 1296 haec,
710 1258 817 1298 quae
855 1245 962 1286 citra
998 1245 1267 1300 rogationem
1310 1260 1476 1301 quoque

213 1315 291 1354 pro
323 1300 398 1342 illo
430 1301 574 1342 futura
605 1305 720 1355 sunt,
758 1301 944 1344 dicemus
976 1305 1075 1345 ante
1106 1303 1382 1358 principium,
1421 1318 1477 1346 an

214 1359 363 1400 statim
394 1359 687 1413 rogationem?
738 1360 897 1414 species
930 1375 979 1403 eo
1011 1361 1144 1416 ducit,
1180 1364 1244 1414 ut,
1276 1362 1476 1416 quoniam

214 1419 257 1458 et
288 1417 543 1470 praecedant
575 1419 617 1458 et
647 1417 808 1460 leviora
838 1418 1071 1473 videantur,
1102 1420 1181 1471 [et]
1208 1419 1347 1474 prima
1378 1419 1475 1462 sint.

215 1474 287 1515 sed
317 1474 428 1516 ratio
460 1475 672 1517 diversum
704 1475 810 1517 mihi
834 1477 1010 1518 suadere
1035 1477 1212 1530 videtur,
1242 1477 1336 1519 ideo
1363 1477 1480 1532 quod-

212 1532 451 1573 necessaria
474 1533 596 1574 nobis
623 1533 816 1587 quaestio
843 1535 1078 1588 superabit:
1109 1549 1163 1576 an
1182 1535 1286 1577 haec
1305 1535 1473 1591 rogatio

213 1592 363 1631 contra
399 1590 538 1644 legem
575 1590 754 1646 feratur3
797 1591 842 1633 in
879 1592 997 1633 cuius
1035 1595 1155 1646 parte
1187 1593 1272 1634 sint
1302 1607 1472 1635 necesse

212 1650 277 1688 est
325 1647 419 1700 illa,
468 1662 757 1702 quaecumque
794 1648 949 1691 dicturi
986 1664 1148 1691 sumus:
1191 1664 1245 1691 an
1281 1650 1475 1692 videatur

212 1705 281 1746 hic
311 1705 443 1746 etiam
475 1706 559 1747 alia
589 1706 683 1760 lege
714 1720 931 1748 remanere
955 1707 1174 1761 potuisse?
1206 1722 1259 1750 an
1283 1709 1471 1762 rogatio-

210 1776 307 1804 nem
350 1763 460 1805 ferre
505 1766 701 1818 oporteat
738 1764 791 1806 ad
831 1765 1025 1819 singulos
1063 1765 1375 1819 pertinentem?
1419 1780 1473 1808 an

211 1823 359 1862 contra
388 1822 555 1876 legem?
606 1836 660 1864 an
699 1822 804 1864 haec
835 1823 1001 1877 rogatio
1033 1826 1184 1865 contra
1215 1823 1354 1879 legem
1387 1823 1471 1865 sit?

212 1893 266 1921 an
298 1880 498 1921 meruerit
529 1880 603 1921 ille
634 1881 882 1923 remanere?

308 1998 328 2028 3
356 1994 533 2029 setretum
559 1997 589 2028 A
607 1996 619 2038 n
637 1997 657 2028 8
684 1993 742 2029 his
767 1997 796 2028 A
815 1995 826 2038 ιι
848 1998 889 2029 12
916 1998 987 2038 gffe
1011 1998 1038 2028 B
1056 1996 1069 2039 ss
1090 1998 1131 2030 13
1157 1994 1326 2030 videatur
1349 1997 1379 2029 A
1396 1996 1408 2040 ιι
1430 1999 1471 2030 15

209 2050 274 2084 per
300 2039 323 2084 ᾇ
347 2043 384 2083 B,
422 2051 487 2085 per
517 2052 628 2084 quam
652 2044 677 2074 P
708 2042 719 2085 ΙΙ
751 2045 793 2075 17
819 2041 886 2075 illa
910 2044 936 2074 B
967 2043 978 2086 ss
1009 2041 1082 2076 sint
1106 2044 1173 2074 ΔΡ
1205 2043 1216 2086 ΙΙ
1249 2045 1291 2077 18
1317 2042 1361 2076 st.
1386 2044 1471 2086 post

209 2096 286 2131 rog.
311 2089 350 2129 B,
375 2098 482 2131 quam
507 2088 687 2122 lectionem
711 2088 823 2122 secuti
846 2091 933 2122 sunt
956 2088 1032 2123 edd.
1052 2089 1064 2131 fl
1083 2090 1124 2122 ut
1148 2087 1331 2131 quomodo
1357 2088 1396 2122 et
1418 2090 1445 2121 B
1460 2088 1469 2133 Η

211 2136 253 2167 19
278 2132 396 2168 levior
421 2135 485 2168 aut
508 2133 677 2169 videatur
701 2138 730 2168 Δ
760 2135 771 2178 ΙΙ
802 2133 911 2180 *[et]‚
938 2144 981 2170 ea
1005 2133 1078 2169 Lat
1113 2135 1125 2179 ΙΙ
1162 2137 1204 2168 21
1232 2145 1309 2179 sup.
1335 2133 1384 2168 ha
1408 2137 1471 2168 ne<²

207 2179 352 2224 rogatio
378 2182 407 2212 Δ
427 2181 501 2223 1126
527 2180 576 2215 sit
600 2190 663 2215 om.
691 2183 720 2213 A
