1604 2488
163 764 205 796 10

160 1054 203 1086 15

153 1346 197 1378 20

154 1753 197 1785 25

236 125 292 167 86
714 126 1017 169 QUINTILIANI

231 233 371 288 legem
409 234 596 287 aliquam
633 233 705 275 sit:
743 236 785 275 et
824 234 917 276 ideo
949 248 1151 289 magnam
1182 249 1272 278 esse
1303 237 1492 279 virorum

231 291 408 332 fortium
450 293 725 345 potestatem,
779 292 878 346 quia
921 307 1049 346 supra
1090 294 1184 336 iura
1233 295 1375 336 omnia
1423 295 1491 337 sit.

232 348 380 390 deinde
423 349 763 403 comparabimus
800 350 931 392 etiam
961 351 1076 406 leges
1117 353 1160 393 et
1211 352 1492 408 dispiciemus,

230 408 373 448 utram
399 421 567 449 servare
593 408 729 463 magis
750 422 771 449 6
790 423 836 450 re
855 408 1027 462 publica
1048 409 1116 463 sit,
1136 410 1173 451 si
1191 410 1338 465 utique
1358 411 1492 453 altera

230 465 421 507 tollenda
465 466 531 507 sit.
599 469 751 520 postea
786 467 1003 508 veniemus
1041 467 1095 508 ad
1127 467 1174 509 ’id
1209 482 1392 523 quoque,
1436 484 1492 510 an

230 524 376 577 utique
407 523 493 566 ista
521 524 804 578 praescriptio
836 525 976 566 valere
1009 525 1163 567 debeat
1195 540 1378 580 semper,
1409 526 1490 569 hoc

231 583 314 635 est,
358 596 414 622 an
452 582 581 624 etiam
617 583 662 623 in
704 582 886 636 publicis
918 583 1056 624 causis
1087 583 1154 625 bis
1185 583 1235 626 de
1267 583 1414 626 eadem
1444 599 1490 626 re

232 653 357 694 agere
387 654 474 681 non
503 640 644 682 liceat.
693 640 737 681 in
769 655 851 694 quo
882 641 988 682 illud
1019 640 1198 683 dicetur:
1229 642 1407 696 privatis
1439 643 1490 683 li-

231 697 365 751 tibus,
408 698 610 751 quoniam
643 700 686 740 et
716 698 855 740 minus
888 700 1092 741 momenti
1123 703 1166 741 et
1195 700 1291 754 plus
1321 700 1487 742 numeri

229 755 430 809 habeant,
456 770 702 798 succursum
728 770 820 798 esse
845 756 926 798 hac
944 757 1054 812 lege:
1078 758 1272 812 publicas
1298 758 1486 799 actiones

229 814 412 855 maiores
445 828 549 868 esse,
582 829 709 869 quam
739 817 788 856 ut
818 814 973 856 cadant
998 815 1255 870 exceptione.
1297 815 1486 870 inseque-

227 874 298 913 tur
318 871 496 926 denique
515 872 633 926 illud,
652 875 700 913 ut
719 872 921 927 dicamus,
940 874 1109 915 etiamsi
1127 874 1173 915 in
1193 874 1290 915 aliis
1306 873 1487 928 publicis

229 930 366 971 causis
392 930 459 971 bis
486 930 536 971 de
562 930 707 971 eadem
732 945 778 972 re
804 944 929 986 agere
954 945 1039 973 non
1063 931 1203 986 liceat,
1233 945 1319 974 non
1343 934 1489 973 tamen

228 1001 321 1029 eam
358 988 648 1030 condicionem
686 1002 778 1030 esse
816 989 1086 1043 proditionis3
1128 1003 1222 1031 cum
1258 990 1304 1031 in
1335 989 1483 1031 ceteris

229 1045 411 1087 fortasse
455 1046 505 1087 de
547 1061 685 1100 poena
728 1049 896 1088 tantum
941 1049 983 1088 et
1025 1047 1214 1101 periculo
1259 1049 1485 1102 quaeratur

229 1104 318 1146 eius
356 1105 428 1159 qui
461 1107 700 1158 accusatur,
739 1105 783 1145 in
826 1119 952 1146 causa
982 1105 1236 1159 proditionis
1267 1106 1318 1146 de
1350 1105 1484 1147 totius

229 1162 416 1204 civitatis
449 1162 692 1204 discrimine
718 1163 925 1216 litigetur.
956 1163 1064 1204 illud
1077 1162 1487 1218 <quoque>›quaera-

229 1234 335 1274 mus,
367 1235 423 1262 an
452 1220 536 1262 ista
566 1221 849 1275 praescriptio
882 1221 935 1262 ad
966 1235 1037 1263 eos
1068 1224 1239 1263 tantum
1263 1221 1487 1275 pertineat,

229 1292 326 1320 cum
357 1279 508 1333 quibus
541 1279 702 1334 agitur:
739 1279 929 1334 patiente
962 1293 1030 1334 eo,
1062 1279 1135 1334 qui
1166 1281 1403 1332 accusatur,
1434 1279 1485 1319 li·

221 1339 315 1379 ceat
345 1337 411 1378 bis
444 1350 580 1391 agere.

628 1475 1064 1518 DEOLAMATIO.

308 1567 510 1609 Putemus
541 1570 584 1608 te
616 1582 720 1622 esse,
751 1569 824 1622 qui
854 1569 960 1610 velis
987 1582 1197 1622 accusare,
1227 1567 1350 1621 <me>
1363 1582 1483 1610 reum

221 1640 309 1668 non
340 1625 647 1668 contradicere:
692 1626 786 1680 quis
824 1628 969 1667 tamen
998 1626 1262 1680 prohiberet,
1293 1640 1375 1680 quo
1407 1627 1483 1667 mi-

222 1699 302 1726 nus
332 1684 480 1726 iterum
511 1684 763 1726 accusarer?
796 1697 895 1739 ergo
928 1683 1039 1738 quod
1069 1684 1149 1725 tibi
1173 1683 1321 1725 liceret
1345 1683 1483 1725 facere

223 1757 290 1784 me
321 1742 529 1797 patiente:
560 1755 731 1783 necesse
763 1741 844 1783 erit
874 1756 940 1783 me
972 1743 1162 1796 optante.

316 1861 336 1891 2
363 1856 487 1891 omnia
510 1856 591 1891 iura
615 1859 674 1889 Bc
705 1857 716 1900 ΙΙ
748 1860 767 1891 3
793 1856 914 1900 legem
939 1859 1043 1898 ABG,
1069 1866 1158 1891 corr.
1185 1855 1255 1890 Sch
1271 1847 1285 1899 ss
1304 1855 1483 1899 despicie—

223 1915 303 1938 mus
328 1906 358 1936 A
382 1904 395 1947 ΙΙ
419 1903 519 1948 disp
545 1905 575 1936 A
605 1903 615 1946 ΙΙ
646 1907 668 1937 4
695 1914 714 1938 6
739 1914 776 1937 re
801 1902 963 1948 publica]
991 1903 1045 1937 rei
1069 1901 1238 1947 publicae
1262 1904 1300 1946 B,
1326 1904 1400 1947 re—p.
1426 1906 1448 1935 c
1473 1901 1486 1947 Η

222 1954 243 1984 6
275 1950 356 1985 deb.
384 1960 493 1994 super
516 1950 552 1984 h.
577 1952 635 1982 Bc
666 1950 676 1993 ΙΙ
708 1953 728 1984 8
763 1960 836 1984 non
869 1959 934 1984 om.
959 1952 985 1982 1²
1012 1950 1023 1993 ΙΙ
1053 1948 1092 1983 in
1122 1959 1194 1993 qua
1217 1950 1279 1982 AB
1310 1948 1322 1992 ΙΙ
1352 1947 1486 1983 dicitur

225 1997 320 2041 2119
347 1996 531 2040 quomodo
556 1998 613 2029 Bc
642 1997 653 2041 Η
681 1995 841 2031 moventi
867 1998 917 2029 Ba.
946 1996 957 2040 ΙΙ
991 1999 1033 2030 10
1060 1994 1112 2030 sic
1136 2006 1281 2029 cursum
1305 1997 1357 2028 Aa
1392 1995 1403 2038 ΙΙ
1442 1997 1484 2028 11

222 2043 379 2078 maiores
406 2054 516 2087 quam
540 2045 608 2084 Bc,
639 2042 788 2077 maioris
814 2053 924 2086 quam
948 2046 974 2075 P
999 2043 1009 2085 ΙΙ
1037 2045 1078 2076 12
1105 2042 1279 2076 ducamus
1303 2043 1385 2075 Aac
1402 2041 1415 2084 ss
1441 2044 1484 2074 13

223 2100 269 2124 ne
294 2089 352 2123 lic.
377 2092 436 2122 Ac
456 2090 467 2133 ΙΙ
488 2093 532 2124 14
558 2089 630 2133 quo
655 2092 694 2131 A,
720 2099 832 2132 quam
856 2092 924 2131 Bc,
951 2088 1132 2132 quomodo
1158 2088 1246 2130 edd„
1270 2097 1359 2122 corr.
1385 2086 1456 2121 Sch
1474 2086 1483 2131 ll

224 2140 266 2172 1⁷
292 2134 492 2183 (quoque)
518 2135 587 2170 Sch
616 2136 627 2179 ΙΙ
658 2139 701 2170 22
727 2134 840 2182 (me)
865 2134 936 2170 Sch
964 2136 976 2179 n
1007 2139 1049 2169 23
1081 2133 1221 2179 tamen]
1252 2135 1331 2168 tum
1361 2132 1448 2168 Ran
1471 2116 1483 2178 11

224 2186 270 2218 24
294 2182 441 2217 interim
467 2185 577 2227 ABG,
610 2192 700 2218 corr.
726 2183 799 2217 Aer
817 2183 828 2226 ss
849 2193 916 2227 ego
941 2184 971 2215 A
