1586 2476
156 725 198 757 10

107 1016 195 1047 ³15

149 1305 193 1337 20

145 1887 188 1917 30

228 86 284 127 46
708 88 1007 132 QUINTILIANI

229 206 320 235 esse
359 195 607 249 transfugas
639 194 854 250 <dicunt>,
884 195 965 238 1100
996 197 1157 253 dicunt,
1193 198 1238 240 in
1269 201 1486 254 superiore

228 264 320 292 esse
357 251 450 293 loco
493 255 683 294 nostram
726 253 954 296 civitatem.
1022 268 1158 310 neque
1195 257 1308 298 enim
1343 271 1486 300 amore

227 309 378 364 nosssri,
410 309 483 351 sed
514 313 630 352 metu
660 311 925 354 imminentis
957 312 1153 363 fortunae
1182 315 1484 370 transfugiunt.

226 366 295 407 An
329 367 498 409 facilius
529 368 794 423 deposituros
825 370 1091 424 propositum
1121 371 1307 414 bellandi
1338 373 1485 416 hostes

227 427 438 479 putamus,
469 426 507 467 si
536 427 680 480 plures
710 427 1050 482 transfugerint‘?
1080 429 1264 472 minime.
1295 445 1396 473 nam
1426 431 1485 486 hi,

227 483 299 536 qui
337 483 499 527 bellum
536 497 682 539 gerere
721 488 870 527 contra
905 500 983 528 nos
1019 501 1105 535 non
1141 487 1314 544 audens,
1356 490 1394 531 si
1424 490 1485 532 lo-

226 554 321 582 cum
364 542 408 583 in
451 542 625 584 civitate
665 546 814 586 nostra
849 558 935 586 non
970 544 1216 600 habueriniz,
1258 561 1382 602 saepe
1419 547 1485 589 de-

226 599 410 652 ponendi
435 600 539 642 belli
566 603 759 643 auctores
787 605 926 644 erunt:
957 617 1070 644 nunc
1094 603 1139 644 in
1163 603 1374 658 privatum
1402 605 1485 647 sibi

227 657 386 711 singuli
429 659 668 701 consulunt.
742 662 808 701 est
849 674 1052 716 magnum
1095 661 1139 702 in
1181 662 1359 716 singulis
1395 677 1484 706 mo-

224 717 431 771 mentum3
463 730 511 758 ac
541 717 576 758 si
600 717 823 771 praeclusa
845 718 950 760 haec
974 719 1104 761 fuer-iis
1129 733 1236 775 spes,
1265 721 1376 775 quod
1402 721 1485 763 sin-

225 773 315 827 guli
346 773 520 828 faciunt,
550 775 737 817 universi
769 776 1015 818 suadebunt.

311 830 429 873 Haec
460 832 657 886 dicerem,
695 834 864 875 etiamsi
899 834 1007 876 nihil
1045 849 1093 876 ex
1124 835 1220 877 istis
1249 838 1388 878 metus
1420 850 1482 878 es-

224 893 306 931 set:
346 903 458 932 nunc
488 905 589 933 vero
619 905 704 933 non
735 906 910 946 possum
940 907 1027 934 non
1057 893 1248 935 confiteri
1278 893 1483 936 sollicitu—

223 946 364 989 dinem
389 962 545 989 meam:
569 950 765 1003 quossiens
791 951 934 992 oculos
962 951 1199 993 circumtuli
1224 954 1267 993 el:
1285 952 1480 1007 singulas

223 1007 461 1047 castrorum
498 1007 651 1048 11101101·
687 1011 848 1062 partes,
885 1022 973 1050 non
1011 1009 1136 1050 aliter
1168 1023 1295 1064 quam
1326 1010 1363 1050 si
1393 1010 1482 1051 val·

221 1063 309 1105 lum
341 1063 477 1106 hostis
508 1064 732 1119 invaserit,
769 1066 929 1108 alienos
965 1066 1156 1121 habitus,
1193 1067 1333 1108 aliena
1364 1082 1482 1109 arma

221 1121 359 1175 vide03
391 1125 617 1164 versantur
647 1123 760 1164 inter
785 1124 934 1166 domos
958 1127 1140 1178 nostras,
1171 1125 1282 1167 inlzer
1306 1126 1481 1180 templa,

219 1179 331 1221 inter
362 1194 518 1233 muros,
557 1181 602 1222 in
634 1181 785 1223 mediis
815 1182 878 1224 rei
908 1182 1102 1236 publicae
1132 1183 1376 1226 visceribus.
1425 1198 1481 1225 an

220 1237 379 1291 aliquid
418 1238 519 1279 mali
551 1239 686 1280 velint
716 1239 871 1293 facere,
908 1243 1058 1294 postea
1087 1241 1251 1295 videro,
1285 1241 1480 1284 interim:

220 1299 410 1348 possunt.
453 1309 532 1351 ego
563 1297 677 1338 istud
708 1299 736 1349 ἦ·
756 1297 912 1339 credidi
938 1299 1089 1354 scelus,
1119 1313 1214 1341 cum
1246 1313 1272 1340 a
1297 1299 1480 1354 singulis

219 1367 314 1408 spes
347 1356 430 1407 est,
468 1368 562 1396 cum
603 1369 628 1396 a
658 1356 804 1409 paucis
837 1370 932 1410 spes
965 1358 1046 1398 est:
1090 1371 1185 1399 cum
1217 1371 1242 1398 a
1271 1357 1479 1412 plurimis,

216 1411 303 1453 iam
334 1412 541 1454 consensi.
561 1414 588 1462 †
619 1412 788 1455 Novum
818 1413 990 1456 hercule
1022 1428 1155 1470 genus
1181 1415 1304 1456 artis:
1336 1428 1479 1469 super·

216 1484 394 1511 vacuum
426 1474 491 1511 est
515 1471 732 1513 cuniculos
762 1471 907 1513 fodere
939 1475 982 1514 et
1010 1486 1086 1526 per
1118 1473 1306 1516 occultos
1327 1486 1478 1527 specus

216 1528 380 1582 ingenti
417 1529 564 1570 labore
608 1529 826 1571 exhaustis
867 1531 994 1572 terris
1031 1531 1078 1572 in
1113 1531 1296 1573 mediam
1335 1530 1477 1573 subito

219 1599 434 1640 emergere
466 1586 703 1628 civitatem:
735 1601 1042 1641 supervacuum
1068 1592 1133 1630 est
1156 1589 1362 1631 redimere
1380 1602 1477 1643 pro-

217 1643 397 1686 ditorem
429 1646 471 1685 et
502 1645 638 1686 scelus
669 1645 847 1698 pecunia
876 1646 1048 1699 pacisci.
1096 1646 1288 1688 videntes
1319 1647 1477 1701 palam,

215 1701 346 1743 immo
361 1702 595 1756 gaudentes
610 1702 738 1744 etiam
752 1704 988 1757 accepimus
999 1703 1113 1746 intra
1125 1704 1287 1746 viscera
1295 1704 1476 1746 hostem.

214 1773 291 1802 vos
313 1760 608 1813 aestimabitis,
630 1775 683 1802 an
703 1764 947 1815 suspectum
967 1761 1155 1804 debeaffis
1174 1762 1345 1817 habere,
1365 1761 1475 1817 quod

216 1817 268 1858 ad
317 1820 484 1860 tantum
533 1833 756 1861 numerum
807 1833 883 1873 per
940 1820 1131 1874 singulos
1178 1823 1475 1874 pervenerunt:

215 1889 339 1918 nemo
366 1876 465 1918 illos
491 1877 730 1931 recepisset,
756 1877 791 1918 si
811 1878 1000 1919 universi
1018 1878 1243 1920 venissent.
1274 1891 1475 1921 omnesne

309 2006 325 2035 1
353 2001 535 2049 (dicunt)
559 2003 634 2038 Aer
653 2005 665 2047 ΙΙ
689 2007 710 2038 3
735 2002 848 2038 nostri
873 2014 938 2039 om.
965 2006 991 2037 Β
1010 2005 1021 2048 ΙΙ
1040 2008 1062 2038 4
1087 2003 1134 2039 ad
1159 2004 1228 2040 fae.
1254 2007 1323 2038 AB
1341 2006 1354 2050 ΙΙ
1373 2008 1394 2040 6
1418 2004 1475 2039 111-

211 2049 270 2082 tra
294 2059 360 2083 nos
384 2051 410 2081 B
430 2050 441 2093 ΙΙ
467 2053 511 2084 10
539 2048 570 2083 si
594 2050 685 2084 fuer.
712 2050 846 2094 praecl.
874 2049 909 2085 h.
935 2062 988 2095 sp.
1014 2053 1040 2083 B
1070 2053 1083 2095 ΙΙ
1115 2054 1156 2085 17
1182 2053 1325 2086 nostros
1350 2054 1380 2085 Δ
1398 2053 1410 2096 ΙΙ
1428 2055 1474 2086 20

212 2098 302 2129 —22
329 2095 399 2130 Sch
417 2099 655 2140 proposuerat
681 2107 766 2141 ergo
791 2096 850 2131 ist.
875 2095 1004 2143 (non)
1030 2096 1167 2132 credidi
1193 2108 1259 2139 sc.;
1285 2107 1354 2143 ego
1372 2097 1472 2132 istud

211 2140 337 2188 (non)
364 2152 412 2175 cr.
440 2153 505 2185 sc.,
537 2153 619 2177 011111
644 2153 667 2177 a
692 2142 845 2187 singulis
872 2142 1029 2188 suspicio
1055 2145 1164 2186 esset,
1191 2154 1220 2180 0,
1247 2154 1269 2179 a
1293 2155 1327 2188 p.
1356 2143 1474 2189 suspi-

212 2187 268 2222 cio
295 2189 408 2223 esset:
445 2199 527 2223 cum
553 2199 576 2223 a
601 2189 664 2233 pl„
701 2188 725 2224 i.
765 2189 932 2224 consensi
969 2189 1027 2225 Ro
1057 2190 1068 2234 ΙΙ
1099 2192 1142 2224 28
1181 2189 1385 2225 aestimatis
1409 2192 1435 2224 B
1462 2191 1474 2236 Η

211 2236 420 2279 susceptum
446 2237 472 2267 B
