1604 2488
409 109 835 150 DECLAMATIONES.
862 111 1030 149 CCCXV.
1279 111 1367 154 239

74 236 280 280 magnum
334 225 396 267 cst
445 226 489 266 et
538 222 714 266 difficile
765 221 938 265 fortiter
986 234 1201 278 pugnare,
1264 221 1368 277 quid

74 283 245 339 mirum,
276 297 372 326 esse
392 283 595 338 aliquem,
626 282 700 338 qui
726 281 868 336 (sibi)
886 281 1073 336 parcat?
1104 281 1176 324 hic
1202 281 1366 324 clamor

73 343 145 386 ille
175 342 402 398 utriusque
433 342 656 397 exercitus,
686 341 775 384 tela
800 341 880 384 illa
904 341 950 383 in
978 342 1099 395 [n]os
1126 343 1169 383 et
1194 340 1240 382 in
1266 355 1366 383 ocu-

73 403 140 446 los
177 402 397 445 venientia
436 405 481 445 et
512 401 667 444 cadens
700 400 934 444 secundum
963 401 1082 443 latus
1114 400 1368 456 commilito,

75 465 165 504 tum
196 462 385 519 gemitus
422 461 747 504 vulneratorum
785 464 828 503 et
858 459 1008 516 fragor
1040 460 1112 503 ille
1145 474 1365 503 armorum

74 523 118 564 et
147 521 268 564 nitor
291 521 410 564 ferri.
472 521 624 563 deinde
662 534 758 563 cum
796 521 1193 576 comparaverimus
1232 520 1366 576 legeS‚

71 580 210 624 nihilo
243 581 386 624 minus
419 583 462 623 et
493 580 741 624 molliamus
773 580 1084 636 quaestionem.

490 756 945 802 DECLAMATIO.

160 852 262 896 Non
291 853 441 910 utique
471 854 588 910 perit
622 854 703 896 lex.
748 851 910 909 quare?
944 852 1150 908 quoniam
1176 852 1365 908 plurima

71 912 261 956 accidere
291 916 493 968 possunt,
529 915 579 955 ut
615 913 878 955 desertorem
909 925 998 954 non
1037 912 1102 954 vir
1133 911 1260 954 fortis
1293 926 1360 955 oc·

70 972 195 1015 cidat.
262 972 369 1015 haec
406 971 522 1015 enim
559 971 620 1014 sic
658 971 766 1027 dixi,
803 974 1029 1026 tamquam
1066 971 1360 1026 inpunitatem

69 1031 301 1074 desertoris
342 1033 554 1088 peterem:
597 1046 711 1074 1111110
754 1031 805 1073 de
850 1045 991 1086 poena
1026 1030 1140 1074 nihil
1178 1030 1360 1074 detraho

68 1090 318 1147 desertoris,
369 1090 422 1134 de
459 1091 660 1134 ministro
698 1092 889 1142 tantum,
928 1090 979 1132 de
1017 1105 1150 1132 manu
1188 1092 1362 1133 tantum

68 1150 301 1205 quaeritur.
361 1149 608 1206 frequenter
653 1153 800 1193 autem
844 1164 1022 1193 necesse
1068 1152 1136 1192 est
1183 1150 1362 1205 accidat,

67 1212 117 1252 ut
155 1209 417 1253 desertorem
454 1224 543 1252 non
579 1210 644 1252 vir
683 1209 811 1253 fortis
852 1209 1031 1252 occidat.
1079 1209 1210 1266 *finge
1243 1209 1360 1251 dese-

65 1269 206 1312 ruisse
227 1269 416 1324 aliquem
435 1271 479 1311 ct
495 1269 715 1311 neminem
733 1269 908 1311 fortiter
927 1268 1098 1311 fecisse:
1131 1268 1361 1311 incolumis

67 1328 151 1371 erit
181 1327 408 1371 desertor?
448 1328 563 1384 finge
597 1328 770 1382 fortiter
800 1341 1020 1384 pugnasse
1053 1327 1256 1383 aliquem,
1288 1328 1362 1370 sed

66 1387 114 1430 in
150 1387 247 1445 ipsa
284 1401 434 1443 pugna
473 1387 768 1446 debilitatum,
811 1387 876 1430 ita
919 1389 970 1430 ut
1011 1402 1190 1429 manum
1237 1388 1362 1429 amit-

66 1450 197 1490 teret:
229 1447 439 1503 numquid
468 1461 557 1490 non
587 1461 762 1490 necesse
795 1449 862 1489 est
893 1446 1039 1489 subire
1065 1447 1252 1502 aliquem
1277 1446 1363 1489 hoc

65 1506 389 1549 ministerium?
439 1506 523 1550 hoc
555 1506 606 1549 de
638 1506 804 1549 alienis.
865 1508 1093 1561 praeterea
1122 1505 1212 1562 lex,
1250 1521 1360 1562 quae

67 1565 337 1608 desertorem
369 1581 395 1609 a
425 1566 517 1609 viro
549 1565 655 1609 forti
681 1565 817 1609 occidi
843 1565 981 1621 iussit,
1011 1565 1123 1607 nihil
1150 1565 1359 1622 cogitavit

66 1625 118 1668 de
150 1625 233 1668 hac
264 1625 535 1669 necessitate.
586 1624 799 1681 quaedam
832 1625 1006 1668 etiamsi
1037 1625 1160 1668 nulla
1193 1625 1359 1682 signifi-

66 1685 236 1728 catione
273 1685 384 1741 legis
422 1685 734 1741 comprehensa
773 1685 878 1740 sint,
915 1687 1074 1728 natura
1106 1687 1255 1728 tamen
1288 1700 1359 1728 ex·

160 1841 179 1872 1
213 1837 368 1884 dignum
400 1841 483 1883 AB,
515 1849 607 1875 corr.
635 1837 690 1875 Gr
714 1839 726 1884 ss
751 1837 800 1874 sit
825 1840 864 1874 et
888 1837 953 1874 dif.
980 1840 1066 1883 AB,
1091 1848 1183 1875 corr.
1209 1837 1300 1874 Rau
1324 1842 1358 1875 et

61 1884 120 1921 Ro
138 1886 151 1930 ΙΙ
170 1896 283 1930 quam
313 1889 395 1931 AB,
433 1897 526 1923 corr.
551 1885 611 1923 Ro
640 1887 653 1931 ΙΙ
685 1890 705 1921 2
732 1885 825 1931 *qui
848 1886 980 1931 pereat
1003 1888 1085 1929 AB,
1120 1885 1185 1930 qui
1210 1885 1358 1922 deserat

62 1932 140 1969 edd.
171 1933 185 1978 ΙΙ
215 1937 237 1969 3
262 1933 398 1980 *[n]os
435 1935 449 1978 ΙΙ
485 1937 508 1969 4
540 1933 774 1969 secundis
799 1935 829 1967 Δ
862 1934 875 1978 ΙΙ
906 1936 1012 1968 4-5
1056 1932 1357 1968 commilitonum

62 1991 158 2026 gem.
185 1982 271 2025 AB,
297 1991 379 2017 cor-r
404 1980 460 2017 Ga·
477 1982 490 2026 ΙΙ
509 1985 530 2017 6
557 1991 628 2017 0011
651 1983 706 2015 Aa
731 1982 743 2027 Η
770 1984 790 2016 7
815 1979 913 2015 nihil
937 1980 1111 2016 hominus
1138 1983 1168 2014 A
1186 1981 1199 2026 Ι]
1224 1980 1357 2016 mulia-

61 2039 144 2064 mus
169 2030 216 2072 B,
240 2028 471 2064 mulceamus
496 2032 523 2062 P
546 2029 559 2073 ΙΙ
586 2031 607 2064 9
633 2028 782 2074 peperit
806 2030 876 2072 Aa,
902 2026 1017 2073 periit
1041 2031 1068 2062 B
1094 2029 1106 2074 ΙΙ
1131 2031 1247 2064 9-11
1280 2028 1356 2072 for-

61 2078 155 2112 tasse
180 2075 290 2112 verba
313 2087 390 2112 non
414 2075 546 2122 utique
571 2079 634 2113 etc.
657 2096 699 2102 —-
728 2075 875 2112 occidat
899 2079 1004 2112 erant
1029 2075 1150 2112 adhuc
1180 2077 1357 2113 sermonis

62 2126 96 2159 et
125 2123 343 2161 declamatio
373 2124 575 2170 incipiebat
599 2124 646 2160 ab
672 2123 765 2160 haec
790 2124 918 2160 autem
947 2124 960 2169 ΙΙ
994 2127 1035 2159 11
1071 2134 1140 2160 nec
1173 2123 1272 2159 enim
1299 2124 1356 2159 six

62 2169 139 2206 dixi
169 2170 265 2216 Lat,
301 2172 396 2208 haec
427 2183 502 2208 non
534 2183 563 2207 s.
589 2171 623 2207 d.
653 2170 726 2208 Obr
763 2173 776 2218 u
814 2174 857 2206 12
890 2182 979 2206 nam
1005 2171 1051 2207 de
1076 2181 1198 2216 poena
1222 2171 1298 2208 Lat
1324 2175 1357 2208 et

65 2216 139 2254 Obr
166 2219 180 2264 fl
212 2222 256 2255 15
282 2220 326 2255 ut
349 2220 425 2256 des.
453 2232 489 2255 n.
515 2232 550 2255 v.
577 2218 602 2256 f.
630 2218 777 2255 occidat
801 2229 867 2255 om.
894 2221 980 2253 AaB
1012 2220 1025 2265 {1
1058 2223 1199 2255 18—19
1225 2231 1355 2255 manu-

63 2265 304 2358 ffitffereth,
341 2279 455 2304 manu
487 2267 679 2303 amitteret
704 2270 730 2301 P
761 2267 773 2312 ΙΙ
805 2271 849 2303 19
882 2278 933 2303 an
964 2266 1157 2312 *aliquem
1181 2265 1356 2314 (alium)

79 2339 86 2346 .
162 2316 207 2349 21
250 2316 331 2351 orte
357 2320 386 2350 Δ

1392 470 1413 502 5
1451 489 1454 492 ,

1389 923 1432 955 10

1389 1219 1432 1252 15

1387 1516 1432 1549 20
