1604 2488
396 103 822 141 DEOLAMATIONES.
858 103 1113 142 CCLXXVIII.
1309 102 1395 146 133

110 214 243 257 fiteri:
277 217 444 270 repetet
476 214 674 270 fortasse,
706 213 778 269 qui
805 213 932 255 dedit.
981 212 1170 268 interim,
1202 211 1283 254 tibi
1310 226 1398 254 non

114 274 225 317 alius
257 273 393 329 debet,
424 288 552 329 quam
587 273 660 329 qui
693 273 797 315 mihi
831 271 960 314 dedit.

202 332 285 376 Sed
327 333 429 376 volo
471 347 587 375 nunc
625 346 751 389 agere
790 331 922 374 etiam
960 331 1022 373 rei
1059 331 1261 386 publicae
1300 345 1397 373 cau-

113 407 207 435 sam
238 394 283 435 et
314 393 374 435 sic
405 392 665 448 respondere
693 391 787 446 tibi,
817 394 1042 446 tamquam
1067 390 1183 433 istud
1211 405 1236 433 a
1262 391 1397 446 magi-

114 451 324 495 stratibus
354 454 494 507 petas.
535 466 626 494 non
651 454 717 494 est
741 453 912 505 tempus
936 449 1020 492 hoc
1046 450 1231 492 aetionis
1257 449 1397 492 istius.
1423 458 1444 490 5

112 510 283 567 quando
316 511 431 553 enim
457 511 573 553 filius
598 513 697 553 tuus
723 510 900 552 fortiter
923 509 1058 551 fecit?
1091 509 1278 551 multum
1309 510 1397 551 iam

112 571 324 613 transisse
360 573 533 626 tempus
571 572 671 612 ante
708 570 822 612 hanc
865 569 1079 611 actionem
1111 568 1398 611 confiteberis.

111 630 405 686 interrogabo,
436 629 512 672 ubi
541 628 688 671 fueris.
732 628 903 671 etiamsi
933 631 977 670 te
1009 628 1303 684 peregrinatio
1330 627 1399 670 de-

110 689 263 745 tinuit,
301 689 472 732 etiamsi
509 689 706 732 absentia
742 689 790 730 in
827 701 957 731 causa
993 687 1096 744 fuit,
1137 702 1222 743 quo
1255 687 1398 729 minus

113 748 346 803 acciperes,
376 748 518 791 dicam
550 750 696 790 tamen
727 748 934 803 pleraque
965 747 1061 789 iura
1091 750 1288 802 tempore
1322 747 1399 788 cir·
1427 757 1471 787 10

113 807 356 850 cumscribi.
403 808 441 849 si
471 821 573 850 vero
607 810 651 849 et
681 807 728 849 in
759 807 933 850 civitate
965 806 1088 849 fuisti
1121 809 1164 848 et
1195 820 1400 861 praesens

120 880 228 920 eras,
260 880 356 908 cum
387 866 674 909 honoraretur
703 866 830 919 filius,
862 869 911 908 ut
935 880 1051 908 nunc
1076 880 1145 908 res
1172 867 1253 921 est,
1282 868 1402 907 tuus:

116 925 352 981 interrogo,
385 939 459 967 cur
489 939 578 967 non
610 925 816 980 petieris?
849 940 950 968 nam
982 927 1032 967 ut
1062 940 1147 967 non
1176 925 1404 980 acceperis,

117 983 279 1026 sufficit
309 984 409 1039 hoc,
447 984 560 1039 quod
597 999 683 1027 non
715 984 878 1040 petisti.
938 999 1027 1027 non
1060 999 1155 1026 eras
1188 984 1265 1027 illo
1297 986 1403 1026 tem-

114 1057 221 1098 pore
253 1045 389 1099 pater,
426 1043 527 1098 quia
557 1044 780 1086 nesciebas
811 1046 856 1085 te
889 1058 993 1086 esse.
1043 1058 1130 1086 non
1163 1043 1402 1085 debebatur
1430 1053 1473 1084 15

115 1101 253 1158 igitur
281 1102 364 1145 tibi
395 1117 446 1145 eo
479 1104 686 1158 tempore,
719 1117 802 1159 quo
835 1117 904 1146 res
936 1103 1113 1158 publica
1146 1103 1305 1145 debuit.

203 1160 318 1203 Illud
344 1176 512 1218 quoque
538 1162 856 1218 interrogo<r>,
888 1162 1103 1218 quomodo
1134 1163 1300 1204 factum
1332 1162 1403 1217 sit,

118 1221 168 1262 ut
200 1234 281 1277 ego
314 1221 563 1276 acciperem.
607 1223 730 1276 pater
759 1222 841 1263 viri
871 1222 1001 1264 fortis
1033 1236 1165 1264 eram.
1209 1221 1403 1271 Quorum

114 1281 348 1335 utrumque
375 1280 568 1323 breviter
594 1280 818 1323 ostendere
843 1281 976 1323 iudici
1001 1281 1293 1323 necessarium
1319 1283 1403 1322 est:

116 1340 160 1380 et
189 1353 260 1380 me
291 1342 384 1381 tum
415 1342 587 1394 patrem
618 1339 769 1394 fuisse,
812 1355 910 1382 cum
942 1339 1087 1383 decem
1120 1340 1242 1381 milia
1277 1339 1402 1382 debe-
1428 1349 1474 1381 20

116 1397 276 1439 bantur
312 1399 429 1453 patri
459 1398 541 1440 viri
579 1398 726 1453 fortis,
763 1401 806 1440 et
836 1402 880 1441 te
917 1413 1006 1441 11011
1043 1399 1179 1441 fuisse
1220 1398 1402 1454 ideoque

115 1458 161 1498 te
186 1470 273 1499 non
298 1457 528 1512 accepisse.
571 1459 708 1512 patris
735 1457 848 1500 enim
875 1458 1091 1513 (nomen)
1117 1472 1206 1500 non
1230 1460 1404 1500 tantum

115 1517 297 1558 naturae
344 1516 422 1558 illo
471 1516 598 1560 initio
652 1517 989 1570 contine[n]tur:
1045 1517 1152 1560 satis
1203 1519 1269 1559 est
1316 1518 1404 1572 ple-

116 1589 298 1630 rumque
331 1574 384 1617 ad
415 1574 498 1618 hoe
528 1575 607 1631 ius,
638 1576 787 1619 videri.
834 1591 949 1618 num
982 1577 1159 1619 dubium
1192 1579 1268 1631 est,
1300 1577 1404 1631 quin

117 1633 155 1675 si
186 1634 419 1676 intestatus
451 1634 745 1691 decessissem,
783 1639 1014 1691 antequam
1051 1639 1100 1678 tu
1132 1649 1404 1691 agnosceres,
1430 1646 1474 1677 25

115 1692 310 1736 aditurus
341 1692 415 1736 ille
446 1693 745 1750 hereditatem,
776 1695 899 1750 quasi
923 1695 1063 1751 filius,
1094 1695 1257 1738 fuerit?
1297 1709 1401 1738 num

112 1751 293 1795 dubium
325 1754 410 1808 est,
451 1754 556 1809 quin
594 1754 631 1796 si
668 1754 854 1797 honores
892 1757 1101 1811 peterem,
1149 1754 1402 1810 profuturus

113 1810 222 1854 mihi
250 1813 475 1867 tamquam
506 1813 623 1856 filius
654 1813 819 1856 fuerit?
849 1828 954 1856 num
979 1814 1159 1856 dubium
1190 1816 1268 1869 est,
1300 1814 1403 1869 quin

111 1870 149 1913 si
186 1868 324 1928 (quod
366 1872 497 1928 longe
537 1872 592 1915 ab
632 1873 723 1915 eius
761 1872 907 1916 animo
946 1876 990 1916 et
1026 1874 1221 1916 moribus
1260 1874 1402 1927 abest)

113 1929 333 1984 pulsasset
356 1932 540 1986 patrem,
570 1945 660 1974 non
685 1932 942 1975 iniuriarum
966 1935 1139 1975 tantum
1165 1933 1262 1988 lege
1283 1936 1400 1975 tene·
1427 1943 1473 1974 30

113 1990 251 2044 retur,
283 1988 321 2030 si
353 1989 592 2045 occidisset,
623 2005 712 2033 non
744 1991 886 2034 caedis
917 1994 1088 2034 tantum
1114 1993 1211 2048 lege
1237 2006 1400 2047 poenas

212 2109 233 2141 3
261 2106 392 2142 debuit
416 2109 515 2150 ABb,
541 2107 692 2149 dexxit
715 2110 777 2151 Ba,
802 2118 894 2143 corr.
909 2107 981 2143 Sch
1001 2109 1012 2154 ΙΙ
1034 2112 1075 2144 13
1095 2108 1258 2154 petieras
1278 2112 1304 2143 B
1325 2110 1336 2154 Η
1358 2113 1399 2143 17

108 2151 375 2202 intenogo<r>
398 2153 457 2189 Ro
479 2156 494 2200 ΙΙ
528 2158 571 2190 18
597 2166 784 2200 quorum
808 2156 1054 2200 utrumque
1080 2159 1110 2190 Δ
1146 2157 1158 2202 ΙΙ
1196 2160 1243 2192 20
1267 2156 1402 2191 fuisset

111 2201 166 2235 Aa
200 2201 214 2246 11
250 2204 295 2236 22
328 2202 455 2246 patres
487 2201 587 2237 enim
619 2212 694 2237 non
718 2203 745 2237 t.
770 2203 905 2238 natura,
931 2204 970 2238 et
992 2203 1060 2238 illo
1085 2203 1134 2238 in.
1163 2204 1402 2240 continentur

111 2248 194 2291 AB,
226 2258 318 2283 corr.
344 2248 422 2292 Ro,
454 2250 642 2293 conferens
673 2252 762 2293 138,
784 2253 828 2284 11
859 2251 873 2296 u
904 2253 950 2285 24
974 2250 1110 2297 videri]
1136 2251 1262 2286 vocari
1288 2251 1364 2286 Aer
1390 2250 1401 2295 il:

113 2303 188 2328 non
213 2296 240 2328 B
260 2295 272 2340 ΙΙ
290 2298 335 2330 29
361 2294 451 2339 quid
476 2299 503 2329 13
