1604 2488
438 65 866 119 DEOLAMATIONES.
894 65 1133 103 CCCXXXV.
1353 63 1380 107 3
1387 64 1407 105 1
1415 63 1438 105 7

148 178 265 222 ditor
303 177 483 220 solvere.
547 189 651 233 ergo
683 178 894 232 quantum
924 175 971 218 in
1002 175 1087 218 isto
1121 176 1205 229 est,
1245 173 1442 230 proditor

145 237 272 281 vivit:
309 251 388 280 nec
415 236 525 279 vivit
554 238 747 291 tantum,
781 235 854 278 sed
886 235 1018 278 etiam
1049 234 1282 277 insidiatur
1313 235 1356 293 et
1387 233 1441 275 ad

148 297 232 340 hoc
269 296 530 339 necessitate
569 294 763 338 solvendi
793 297 991 350 urgetur:
1037 293 1242 337 addidisti
1272 292 1442 336 homini

142 356 458 400 nocentissimo
495 355 701 411 pecuniae
738 355 1058 398 necessitatem.
1128 353 1241 396 unde
1278 355 1443 408 tempo-

147 430 246 459 rum
283 417 452 458 mutata
483 415 675 458 condicio
708 413 803 457 est?
864 414 1094 469 pecuniam
1134 427 1223 456 non
1262 411 1444 467 accipie·
1470 421 1490 452 5

147 475 246 518 bast
283 475 345 518 ita
381 489 496 517 nunc
537 474 605 516 illi
637 473 750 530 quod
781 473 960 529 punitus
993 477 1078 528 est,
1116 486 1279 515 merces
1311 471 1441 514 huius

152 534 374 578 vindicata
406 533 501 577 est‘?
537 550 610 576 —-:
640 534 868 589 pecuniam
900 548 989 576 non
1022 535 1258 588 acceperat.

639 650 951 696 GOGXXXV.

344 734 553 779 Infamis
584 735 636 778 in
667 745 922 779 novercam
952 733 1250 778 vulneratus.

152 817 337 862 Infamis
375 819 422 861 in
461 833 694 862 novercam
725 833 823 862 cum
853 821 979 874 patre
1010 831 1191 874 peregre
1223 816 1446 873 profectus

272 881 350 920 est.
381 893 479 921 cum
505 879 551 920 in
577 880 768 921 latrones
788 877 1055 932 incidissent,
1081 877 1298 933 fugerunt.
1324 879 1449 932 pater

270 951 468 980 reversus
508 938 729 980 adulteros
771 938 960 980 inclusos
992 937 1038 980 in
1070 937 1266 979 cubiculo
1301 935 1447 991 depre-

272 996 440 1040 hendit.
497 997 654 1040 occidit
685 1011 877 1052 uxorem,
910 996 1156 1039 adulterum
1185 995 1448 1050 vulneravit3

270 1056 309 1099 is
341 1055 466 1111 fugit.
523 1059 677 1112 postea
707 1056 961 1099 vulneratus
992 1056 1106 1098 filius
1140 1055 1271 1098 venit.
1318 1055 1449 1097 inter-

272 1117 447 1172 rogavit
472 1130 571 1158 eum
596 1118 735 1171 pater,
761 1131 787 1158 a
814 1131 899 1172 quo
925 1116 1177 1158 vulneratus
1205 1117 1330 1158 esset.
1375 1115 1448 1157 ille

274 1189 300 1218 a
325 1174 571 1218 latronibus
603 1175 724 1219 dixit.
770 1176 938 1218 curavit
964 1190 1062 1218 eum
1087 1177 1213 1230 pater
1239 1177 1283 1217 et
1308 1173 1450 1216 reddit

276 1248 429 1277 causas
462 1235 619 1278 mortis
652 1235 935 1278 voluntariae.
984 1235 1101 1277 filius
1134 1233 1180 1277 O.
1212 1233 1265 1277 D.

571 1351 1029 1396 DECLAMATIO.

244 1434 465 1478 Adversus
506 1437 622 1479 mala
658 1439 701 1479 et
738 1436 920 1479 iniurias
960 1436 1165 1479 fortunae
1197 1439 1240 1478 et
1272 1449 1450 1493 gravem

1475 827 1518 858 10

1477 1124 1521 1156 15

155 1495 375 1552 plerisque
412 1495 551 1538 vitam
588 1511 723 1539 unum
753 1499 911 1539 natura
943 1495 1182 1538 remedium
1213 1496 1450 1552 invenerat,
1476 1504 1522 1537 20

155 1556 353 1598 mortem.
409 1568 488 1598 nec
520 1555 751 1611 quisquam
782 1557 931 1611 potest
961 1557 1052 1598 tam
1085 1555 1272 1598 crudelis
1304 1557 1451 1612 legum

155 1615 271 1659 lator
300 1614 448 1671 fuisse,
481 1615 554 1671 qui
585 1615 808 1658 hominem
839 1615 1116 1658 innocentem
1142 1615 1232 1658 vita
1256 1615 1451 1671 puniret3

155 1689 254 1718 cum
285 1676 329 1717 et
352 1674 438 1717 hoc
462 1674 608 1730 ipsum
634 1674 692 1717 sit
712 1675 978 1717 calamitatis
1005 1688 1156 1731 geum,
1189 1675 1303 1717 mori
1327 1675 1452 1719 velle.

154 1733 402 1777 necessaria
432 1735 580 1776 tamen
610 1736 759 1778 vestra
787 1734 982 1790 cognitio
1010 1736 1090 1789 est,
1122 1735 1207 1789 [ut]
1236 1749 1325 1777 non
1351 1735 1453 1791 quia

154 1793 273 1836 istud
309 1793 498 1836 liberum
535 1808 629 1837 esse
666 1794 972 1837 innocentibus
1010 1808 1098 1837 non
1141 1797 1334 1851 oportet,
1378 1794 1453 1837 sed

157 1852 260 1908 quia
279 1853 542 1909 multisunt,
568 1853 642 1909 qui
669 1854 730 1896 sic
756 1853 1069 1897 conscientiam
1082 1854 1383 1910 †emittunt†:
1409 1856 1455 1896 et

104 1962 107 1964 ,
157 1911 255 1955 ideo
282 1912 498 1955 adiectum
526 1915 592 1955 est
618 1913 824 1955 damnum
851 1913 1114 1968 sepulturae,
1145 1928 1199 1955 ne
1227 1928 1272 1956 se
1298 1915 1454 1969 putent

253 2033 275 2065 2
302 2028 501 2065 insidiator
525 2032 552 2064 B
583 2031 596 2075 ΙΙ
627 2033 648 2065 3
674 2030 786 2076 urget
810 2032 865 2064 Aa
894 2031 906 2076 ΙΙ
933 2034 955 2065 4
980 2030 1079 2065 unde
1103 2031 1231 2066 tamen
1256 2032 1455 2077 pactorum

157 2076 230 2114 Son
248 2077 261 2123 ΙΙ
280 2079 302 2112 5
328 2078 384 2114 est
411 2077 575 2113 conditio
602 2080 655 2111 Aa
674 2079 686 2124 ΙΙ
705 2077 883 2123 cupiebas
908 2081 935 2111 P
960 2078 971 2123 Η
1002 2082 1045 2114 16
1072 2077 1239 2114 reddidit
1263 2082 1290 2113 B
1310 2079 1321 2124 ΙΙ
1344 2083 1386 2115 17
1412 2079 1454 2113 fi-

159 2124 234 2160 lius
261 2135 293 2161 c.
320 2125 355 2162 d.
381 2135 449 2162 om.
475 2128 502 2159 B
522 2126 533 2172 ΙΙ
555 2127 597 2160 18
623 2124 834 2161 Declama0.
867 2124 986 2161 Filius
1013 2125 1071 2162 od.
1097 2128 1124 2160 B
1144 2126 1156 2172 ΙΙ
1187 2130 1231 2162 21
1260 2137 1305 2162 ne
1331 2127 1456 2172 31124

163 2172 239 2219 [ut]
265 2171 326 2209 Ro
350 2176 384 2209 et
409 2172 474 2218 Εἰ,
498 2173 629 2218 utique
655 2173 732 2210 edd,
751 2174 763 2220 ΙΙ
788 2173 1021 2219 figurata
1047 2174 1289 2210 acerrime
1316 2174 1456 2210 dicta

159 2221 194 2302 ,τι
228 2221 240 2266 ΙΙ
277 2224 331 2302 22
349 2220 532 2257 amittunt
556 2223 601 2267 B,
634 2220 780 2257 evitant
805 2220 894 2266 Seh,
930 2221 1115 2267 effugiunt
1138 2221 1198 2259 Ro
1233 2223 1246 2269 ΙΙ
1282 2226 1328 2258 27
1355 2224 1384 2257 stt
1414 2223 1457 2258 in

195 2278 274 2315 ara.

1481 1802 1524 1834 25
