1578 2470
389 121 816 158 DECLAMATIONES.
843 120 900 157 CC
905 119 1029 156 CXLV
1035 120 1098 155 ΙΙΙ.
1316 119 1400 162 371

112 231 405 287 coniugesque
430 231 637 274 traditam
663 245 690 272 a
715 230 952 272 maioribus
977 244 1057 284 per
1080 243 1234 272 manus
1255 229 1301 271 in
1321 229 1403 272 hoc

115 306 251 348 usque
281 293 454 346 tempus
486 291 734 333 libertatem
767 290 903 332 semel
934 289 1176 344 perderent.
1222 303 1301 344 pro
1333 288 1402 330 his

116 350 461 394 animadvertere
485 350 533 392 in
556 364 716 405 paucos
742 349 967 405 indignum
995 348 1094 390 est‘?
1121 350 1164 390 et
1189 348 1403 391 exercitus

111 412 281 466 partem
313 409 650 465 deeim<am>us,
682 411 726 451 et
763 409 807 450 in
840 409 975 451 aciem
1008 408 1146 450 ductis
1179 407 1403 463 militibus,

111 471 226 512 certe
273 469 597 525 innocentibus,
638 469 825 511 multum
870 467 1106 524 contigisse
1149 467 1403 522 imperatori
1429 478 1449 509 5

113 529 385 584 vide[re]tur,
400 528 571 571 etiamsi
591 542 678 570 non
698 528 967 570 incruentam
982 527 1211 569 victoriam
1230 526 1403 570 referat.

115 603 193 644 pro
219 587 302 630 hac
329 588 562 630 securitate
588 587 626 630 si
650 587 872 643 perierunt
898 586 1052 642 aliqui:
1077 589 1127 627 ut
1151 586 1403 641 parcissime

114 647 276 702 dicam,
327 661 415 689 non
461 646 724 703 ignoscetis?
794 646 988 701 equidem
1028 646 1256 701 intellego,
1292 645 1403 687 hanc

117 721 213 748 esse
263 706 555 749 condicionem
607 706 818 761 omnium,
868 706 940 760 qui
982 705 1403 747 administrationem

115 766 179 808 rei
211 765 408 820 publicae
438 765 762 822 adgrediuntur,
793 768 842 807 ut
868 779 930 820 ea,
962 779 1071 820 quae
1098 765 1283 807 maxime
1308 779 1403 820 per·
1431 777 1475 808 10

117 825 259 868 tinent
304 825 358 867 ad
401 825 584 867 salutem
629 839 919 878 communem,
964 838 1061 866 cum
1100 823 1286 879 quadam
1326 838 1404 866 sua

118 883 281 927 invidia
319 884 488 926 efficere
527 887 749 940 cogantur.
811 885 975 939 quanta
1013 883 1055 924 vi
1093 883 1297 925 adversus
1334 897 1403 924 me

118 942 282 985 inimici
308 944 690 998 consurrexissent,
716 943 751 985 si
771 942 889 984 istud
911 943 1002 984 sine
1023 956 1152 984 causa
1170 942 1403 984 fecissem?

207 1000 349 1051 Quid?
382 1002 419 1044 si
450 1003 693 1057 proditores
724 1002 860 1044 fuisse
891 1001 1170 1043 manifestum
1199 1002 1295 1043 est?
1326 1017 1402 1056 pu-

112 1064 253 1104 temus
285 1075 378 1103 esse
399 1061 617 1115 iudicium,
649 1064 704 1117 et,
736 1064 948 1117 quatenus
981 1061 1184 1103 mavultis
1211 1061 1312 1103 illos
1338 1061 1400 1102 inss
1431 1073 1472 1104 15

113 1120 340 1163 demnatos
367 1120 517 1176 dicere,
551 1136 679 1176 quam
710 1121 974 1174 innocentes,
1002 1121 1188 1162 excutite
1215 1135 1401 1163 causam.

114 1194 216 1221 sane
257 1194 345 1222 non
378 1180 740 1222 consummaverit
772 1180 994 1234 <crimen>
1027 1179 1169 1234 prima
1201 1180 1401 1234 suspicio,

115 1241 161 1281 at
192 1241 307 1280 certe
338 1239 592 1294 transfugae
623 1239 706 1282 hoc
734 1238 970 1281 mentiendi
997 1253 1128 1280 causa
1153 1253 1262 1293 quae
1288 1238 1400 1280 fuit‘?

114 1297 258 1352 homo,
299 1297 452 1339 relicto
486 1298 675 1340 exercitu
709 1313 804 1353 suo,
841 1298 994 1340 relicto
1029 1297 1289 1352 imperatore
1323 1312 1399 1340 suo

110 1357 155 1399 in
198 1357 419 1399 civitatem
451 1359 646 1399 nostram
678 1359 998 1413 transgressus,
1038 1371 1132 1398 cum
1166 1371 1256 1399 rem
1289 1358 1399 1412 peri·
1426 1369 1470 1400 20

114 1416 434 1467 culosissimam
458 1416 644 1471 fecisset,
669 1416 953 1458 mentiretur?
982 1430 1077 1458 cum
1106 1416 1159 1458 ad
1178 1417 1398 1471 probatio-

109 1489 210 1517 nem
229 1475 294 1517 rei
313 1478 443 1530 caput
462 1490 585 1518 suum
608 1475 852 1531 obligaret?
882 1475 1060 1517 eandem
1079 1475 1206 1518 nobis
1225 1478 1399 1518 noctem

111 1534 393 1576 denuntiavit.
454 1535 733 1577 manifestum
773 1537 841 1577 est
873 1537 1018 1577 autem
1044 1534 1175 1577 fuisse
1200 1534 1399 1578 hostibus

109 1594 384 1648 propositum
429 1594 617 1636 civitatis
654 1596 830 1636 nostrae
881 1608 958 1649 per
997 1593 1288 1649 proditionem
1330 1608 1398 1636 ca-

109 1653 301 1708 piendae.
355 1653 430 1708 qui
461 1653 704 1708 proditores
737 1653 910 1708 fuerint,
943 1653 1179 1696 recedendo
1207 1653 1394 1695 confessi
1424 1666 1468 1697 25

203 1750 222 1780 1
250 1757 273 1781 a
303 1756 370 1781 om.
396 1748 423 1780 B
448 1746 461 1791 ΙΙ
485 1757 579 1791 per
616 1758 794 1782 manus
826 1747 977 1792 Aflhoc
1008 1757 1074 1782 om.
1104 1747 1279 1791 3—12114
1305 1747 1397 1783 dici-

106 1805 190 1829 mus
214 1795 299 1837 AB,
337 1803 428 1829 corr.
457 1793 504 1828 Pi
543 1795 556 1839 ΙΙ
588 1793 721 1829 ductus
746 1797 773 1828 B
803 1795 815 1839 Ι]
844 1799 863 1830 5
903 1794 988 1840 imp
1014 1797 1078 1828 AB
1104 1796 1116 1838 ss
1148 1794 1182 1840 63
1207 1793 1398 1830 videretur

106 1843 147 1885 A,
173 1839 347 1876 videatur
370 1843 415 1884 B,
442 1852 532 1877 corr.
560 1841 618 1876 Ro
637 1843 650 1887 ΙΙ
669 1853 707 1876 se
733 1841 830 1877 ferat
855 1844 936 1886 AB,
964 1841 996 1876 si
1020 1843 1117 1877 ferat
1141 1845 1178 1883 P,
1205 1852 1295 1876 corr.
1328 1843 1380 1877 Pi
1387 1857 1395 1885 ;

105 1888 271 1923 referant
306 1888 381 1923 Aer
411 1889 424 1932 ΙΙ
455 1895 485 1937 (J
523 1891 553 1922 Δ
584 1890 596 1933 ΙΙ
629 1893 648 1924 7
686 1889 830 1934 aliquid
867 1891 894 1922 B
929 1890 941 1933 11
973 1892 995 1924 8
1021 1888 1253 1934 ignoscerem
1291 1891 1396 1934 equi·

107 1935 191 1970 dem
217 1937 265 1978 A,
298 1935 489 1979 ignoscere
515 1947 575 1971 me
601 1935 752 1980 quidem
778 1939 823 1979 B,
856 1946 949 1971 corr.
976 1936 1052 1971 Aer
1070 1937 1082 1981 ΙΙ
1113 1940 1155 1970 12
1184 1936 1398 1980 cogitantur

106 1985 162 2016 Aa
196 1983 210 2027 11
246 1986 386 2016 12-13
420 1993 479 2017 me
511 1982 626 2017 inime
652 1983 795 2018 inimici
820 1986 873 2017 Aa
909 1985 922 2027 ΙΙ
961 1987 1003 2018 17
1030 1984 1307 2019 consumaverit
1332 1987 1359 2018 B
1384 1984 1397 2031 Η

106 2029 303 2075 *primum
334 2029 498 2074 suspicio
536 2031 577 2064 at
613 2034 663 2074 A,
702 2030 863 2075 primum
903 2029 1041 2075 suscipi
1079 2033 1119 2065 at
1152 2032 1179 2063 B
1219 2031 1394 2076 (primum

109 2076 292 2122 suscipiat
333 2078 403 2122 P);
450 2076 589 2112 crimen
634 2077 796 2122 suspicio
833 2079 873 2112 at
914 2077 1011 2121 Obr3
1056 2079 1396 2114 consummaverint

105 2124 604 2217 Ῑέἆοᾶέῗὲέἔῖῃὲζῗὲῗέἶῒ
622 2124 736 2216 ἐὲῗῖῑ,
756 2125 1394 2217 ⁰53⁸3¹313¹33ss050331¹353232>fua

107 2218 395 2266 (mentiretur),
434 2230 518 2253 cum
550 2218 607 2253 Ro
643 2219 656 2263 ΙΙ
693 2223 845 2254 21-22
884 2219 1108 2264 approbatio
1144 2220 1197 2255 rei
1235 2224 1262 2255 B
1299 2187 1311 2266 ll
1348 2226 1393 2256 22

109 2266 242 2348 endgm
260 2269 298 2347 ἑ
328 2267 341 2311 ΙΙ
371 2267 479 2301 nocte
504 2268 530 2299 B
562 2267 574 2310 11
606 2269 651 2301 23
678 2266 873 2302 denuntiat
897 2270 926 2300 Δ
951 2268 964 2311 n
990 2269 1045 2302 est
1071 2277 1137 2302 om.
1164 2270 1218 2302 Aa.
1236 2270 1248 2313 ΙΙ
1267 2273 1312 2304 25
1339 2280 1393 2303 re-

111 2323 180 2347 cen
206 2324 228 2348 o

1107 2375 1180 2408 24*
