1578 2470
462 95 888 133 DECLAMATIONES
915 94 1132 132 CCCXLIV.
1356 94 1442 136 357

157 211 208 251 ut
244 209 390 265 optari
428 207 572 263 <non>
613 221 798 261 possem
859 204 960 248 Non
1003 205 1048 247 in
1089 206 1230 247 totum
1274 204 1447 246 iactabo

157 268 296 323 vobis,
327 267 503 322 iudices,
534 265 847 310 continentiam
877 279 1032 307 meam.
1080 264 1171 306 sine
1197 263 1327 306 dubio
1352 279 1447 319 per-

157 327 270 370 ferre
301 327 420 370 volui
452 327 504 369 ad
536 328 705 382 patrem
730 326 951 380 integrum
978 339 1134 366 munus
1160 338 1239 366 nec
1259 337 1447 366 corrum-

157 401 278 442 pere,
315 386 429 442 quod
460 388 738 441 praestarem.
801 384 966 439 aliquid
997 387 1147 426 tamen
1176 383 1373 426 fecerunt
1405 386 1448 424 et

158 460 301 489 mores
326 446 517 501 puellae.
539 459 730 488 severam
756 444 956 486 videbam
982 446 1025 486 et
1051 458 1263 511 asperam.
1297 457 1351 484 ne
1378 456 1446 484 me
1474 451 1494 483 5

159 505 333 562 quidem
365 506 551 548 tulisset.

660 609 944 654 GCCXLIV.

215 693 476 749 Redempta
506 693 746 736 meretrix
777 700 805 736 a
835 692 985 736 divite
1015 691 1240 747 pauperis
1271 691 1389 735 filio.

158 778 395 820 INSCRIPTI
426 788 669 819 MALEmcn
701 788 772 820 sl'r
804 788 956 819 Ac'rlo.
988 776 1196 831 Pauperis
1230 778 1274 818 et
1301 775 1447 817 divitis

278 837 358 879 filii
390 837 570 880 eandem
601 837 872 879 meretricem
905 836 1125 878 amabant.
1168 836 1268 877 leno
1302 835 1447 877 condi·
1477 843 1520 875 10

279 897 445 939 cionem
476 897 641 952 posuit,
682 897 722 938 ei
754 895 1015 938 traditurum
1049 910 1093 936 se
1126 909 1219 937 esse
1251 894 1448 936 meretri-

277 970 389 1011 cem,
433 958 507 1011 qui
549 955 738 1011 pretium
781 955 901 1010 prior
945 954 1178 997 attulisset.
1245 954 1448 1009 pauperis

275 1015 415 1058 filium
445 1015 491 1056 in
520 1014 750 1057 solitudine
777 1014 896 1057 dives
923 1014 1098 1056 flentem
1125 1013 1276 1056 stricto
1303 1013 1448 1069 gladio

276 1074 452 1117 invenit.
492 1074 779 1130 interrogavit
805 1088 990 1116 causam.
1030 1073 1104 1115 ille
1132 1073 1242 1115 dixit
1267 1087 1312 1115 se
1338 1073 1449 1114 mori

277 1134 388 1177 velle
428 1134 483 1176 ob
523 1148 715 1176 amorem
755 1133 1007 1176 meretricis.
1071 1133 1259 1187 pretium
1297 1132 1335 1174 ei
1374 1132 1448 1174 do-
1477 1142 1519 1173 15

277 1193 408 1236 navit.
482 1193 666 1235 redemit
704 1193 956 1235 adulescens
1001 1191 1284 1234 meretricem.
1357 1191 1448 1246 agit

277 1266 441 1308 pauper
474 1267 570 1294 cum
603 1251 736 1294 divite
767 1251 964 1307 inscripti
995 1251 1209 1293 maleficii.

682 1369 710 1412 S
719 1369 756 1411 E
766 1370 856 1412 RM
867 1369 914 1412 Ο.

248 1453 313 1495 De
343 1456 467 1508 parte
500 1453 610 1509 legis
642 1454 756 1496 inter
786 1456 1019 1509 utrumque
1051 1454 1320 1509 litigatorem
1350 1467 1447 1495 con-

156 1513 177 1555 f
180 1528 323 1556 essum
356 1515 432 1554 est.
1473 1523 1518 1554 20

576 1594 614 1636 D
623 1594 660 1636 E
672 1593 703 1637 C
714 1594 747 1636 L
759 1595 794 1637 A
803 1594 848 1636 M
857 1594 966 1637 ΑΤΙ
979 1594 1028 1637 Ο.

247 1678 511 1734 Inscriptum
551 1693 644 1720 esse
682 1678 744 1733 id,
787 1678 901 1734 quod
934 1678 1094 1732 obicio,
1131 1692 1219 1720 non
1251 1680 1447 1734 negatur.

157 1753 241 1794 qua
284 1739 381 1793 lege
426 1738 732 1793 comprehendi
769 1738 915 1794 potuit
951 1737 1034 1780 hoc
1071 1737 1253 1780 nocendi
1298 1751 1448 1794 genus,

157 1798 272 1854 quod
319 1812 412 1840 rem
454 1797 762 1854 gravissimam
803 1797 908 1840 fecit
952 1797 1091 1852 specie
1134 1796 1448 1839 liberalitatis?

159 1857 308 1900 omnia
338 1857 474 1924 igitur
505 1857 604 1912 ista,
636 1871 929 1912 quaecumque
963 1871 1013 1898 ex
1033 1857 1212 1899 adverso
1235 1857 1447 1911 dicuntur,
1473 1867 1518 1898 25

160 1916 343 1972 „donavi
375 1917 413 1958 ei
443 1916 671 1970 pecuniam
705 1918 748 1957 et
779 1915 979 1958 servavi“
1000 1918 1054 1970 et,
1074 1930 1193 1970 „quo
1226 1916 1318 1956 iure
1349 1930 1446 1970 pro-

155 1974 393 2017 hibetur?“
425 1989 474 2017 eo
501 1975 734 2030 pertinent,
765 1978 814 2016 ut
834 1977 1042 2029 appareat
1062 1975 1320 2029 inscriptum
1341 1989 1446 2029 esse,

156 2034 270 2090 quod
302 2033 454 2076 obicio.

254 2154 272 2185 1
305 2151 348 2185 ut
385 2151 514 2196 optare
547 2160 695 2195 possem
733 2152 818 2194 AB,
858 2161 949 2185 corr.
987 2150 1066 2193 R0,·
1104 2149 1200 2197 <nec
1230 2150 1367 2198 rapui>
1404 2152 1447 2185 ut

157 2197 281 2244 optari
317 2208 467 2244 possem
505 2198 581 2232 Aer
610 2198 622 2242 ΙΙ
653 2201 674 2231 2
709 2197 873 2242 proferre
905 2200 932 2231 B
965 2198 976 2243 ΙΙ
1011 2202 1053 2233 19
1079 2196 1176 2233 inter
1202 2209 1268 2234 om.
1295 2201 1322 2232 Β
1354 2200 1365 2243 ΙΙ
1399 2201 1443 2232 22

157 2245 412 2291 inscriptu
438 2248 467 2279 Δ
499 2246 510 2291 u
542 2249 586 2280 23
614 2245 724 2290 quale
751 2256 869 2290 comp.
896 2248 922 2278 B
954 2246 967 2290 ΙΙ
997 2249 1042 2281 25
1070 2247 1107 2280 et
1133 2246 1290 2282 adversa
1315 2248 1342 2279 B
1362 2246 1373 2290 ΙΙ
1399 2249 1444 2280 26

156 2292 290 2327 *enim
315 2295 394 2338 AB,
419 2303 544 2328 meam
570 2291 624 2328 Gr
643 2293 655 2338 11
674 2295 718 2327 27
743 2292 907 2338 pertinet
930 2295 957 2326 Β
