1604 2488
199 455 218 487 5

177 872 218 903 10

176 1255 217 1285 15

176 1544 221 1574 20

177 1832 220 1863 25

247 109 330 150 132
721 110 839 152 QUIN
841 111 1022 147 TILIANI

245 214 388 257 futuro
420 218 533 257 certe
563 216 654 258 filio
686 220 932 270 praestaret.
974 218 1048 259 illa
1077 219 1208 274 igitur
1237 219 1352 273 prior
1381 219 1497 266 dam-

244 273 363 314 navit
407 277 598 315 ventrem
647 289 779 316 suum.
848 274 1052 316 Victurus
1102 279 1243 319 autem
1289 277 1372 319 fuit
1410 277 1498 332 ille,

246 331 283 371 si
314 343 394 384 ego
438 332 672 373 adulteram
714 346 801 374 non
843 333 1120 375 occidissem?
1177 349 1264 376 non
1303 334 1498 376 novimus

244 388 322 429 hos
366 403 506 431 mores
549 390 894 444 turpissimarum
936 390 1205 446 feminarum,
1246 394 1294 434 ut
1331 392 1498 435 oderint

243 447 493 500 puerperia?
524 449 572 489 ut
596 448 721 502 filios,
747 448 864 490 velut
887 448 1047 491 indices
1073 450 1226 492 aetatis
1251 463 1363 503 suae,
1394 450 1495 492 abo-

247 504 491 547 minentur?

704 631 1046 676 CCLXXVIII.

373 711 634 765 Expositor
664 713 826 766 petens
857 724 963 755 cum
994 712 1115 756 forti
1144 713 1191 756 X
1221 713 1371 757 milia.

245 803 352 846 V1m
378 815 543 846 Fowms
570 816 720 846 PATER
745 816 902 847 DECEM
928 818 1058 848 MILIA
1082 818 1303 850 Aconum.
1348 806 1403 861 Is,
1427 807 1499 861 qui

360 862 583 904 videbatur
610 863 748 904 filium
772 863 943 917 habere,
975 865 1119 906 decem
1145 865 1279 916 milia,
1308 878 1404 906 cum
1427 864 1502 906 ille

361 920 531 961 fortiter
555 920 737 974 fecisset,
769 923 942 976 accepit.
989 924 1140 977 postea
1163 923 1357 964 iuvenem
1380 923 1502 976 pater

361 978 569 1019 naturalis
620 979 813 1033 agnovit,
863 980 1015 1022 solutis
1066 980 1280 1022 alimentis
1328 979 1501 1034 recepit.

361 1036 470 1089 petit
501 1035 646 1078 decem
677 1036 805 1078 milia.

655 1162 1093 1205 DEOLAMATIO.

334 1241 492 1284 Decem
524 1243 643 1285 milia
674 1258 699 1284 a
727 1257 794 1285 me
819 1244 948 1297 petis:
979 1258 1062 1298 quo
1087 1243 1204 1285 iure?
1237 1257 1321 1298 qua.
1346 1242 1501 1286 causa?

246 1300 497 1342 credidisti?
530 1315 583 1341 an
615 1301 878 1355 deposuisti?
911 1316 965 1342 an
996 1315 1047 1342 ex
1074 1301 1251 1343 alicuius
1276 1301 1338 1342 rei
1362 1300 1504 1342 vendi-

245 1359 363 1400 tione
394 1359 577 1412 pretium
609 1359 662 1400 ad
692 1361 735 1400 te
766 1359 977 1412 pertinet?
1007 1359 1114 1400 nihil
1143 1359 1308 1401 horum.
1360 1358 1502 1401 nullus

246 1417 358 1458 inter
388 1431 467 1458 nos
493 1418 735 1459 contractus
761 1417 860 1459 fuit:
890 1417 975 1458 nisi
1000 1416 1112 1472 quod
1138 1416 1244 1458 mihi
1267 1429 1401 1470 nuper
1426 1416 1505 1458 ali-

247 1474 350 1528 quid
381 1473 577 1516 debuisti.
638 1474 780 1529 legem
816 1475 975 1529 adfers,
1012 1489 1095 1529 qua
1125 1474 1240 1529 patri
1268 1473 1348 1516 viri
1377 1473 1504 1515 fortis

246 1532 389 1573 decem
419 1532 541 1573 milia
572 1532 663 1574 dari
693 1534 881 1586 oportet3
914 1533 1032 1574 cuius
1058 1532 1227 1587 quidem
1253 1545 1442 1574 summae
1467 1531 1505 1573 si

245 1604 332 1631 non
362 1592 602 1643 praestetur
637 1590 760 1643 fides,
796 1590 947 1644 petitio
985 1588 1051 1644 (ut
1087 1587 1256 1645 opinor)
1294 1604 1319 1631 a
1349 1603 1395 1631 re
1431 1603 1505 1644 pu-

245 1647 360 1689 blica
391 1649 465 1689 est.
509 1661 608 1688 nam
634 1650 681 1688 ut
705 1648 791 1688 iam
817 1650 993 1702 constet,
1024 1649 1117 1689 uter
1142 1647 1330 1701 accipere
1355 1646 1504 1688 debue-

246 1706 320 1758 rit,
359 1705 466 1746 illud
496 1707 640 1747 tamen
671 1705 928 1759 respondeas
960 1705 1066 1746 mihi
1096 1704 1242 1756 velim,
1278 1704 1373 1758 quis
1404 1703 1505 1745 dare

247 1763 450 1804 debuerit.
497 1763 534 1804 si
564 1763 677 1816 patri
702 1763 890 1814 debetur,
922 1763 1047 1804 debet
1071 1776 1139 1803 res
1166 1761 1349 1816 publica.
1391 1759 1502 1803 vide-

246 1821 398 1874 rimus,
437 1836 491 1862 an
528 1833 607 1875 ego
647 1836 671 1862 a
701 1821 874 1862 civitate
911 1823 1025 1862 recte
1057 1819 1304 1874 acceperim:
1342 1821 1390 1860 tu
1418 1832 1533 1860 non*

246 1881 370 1933 potes
409 1879 615 1934 accipere,
651 1878 736 1920 nisi
777 1894 802 1921 a
833 1879 1016 1920 civitate.
1076 1878 1136 1918 At
1166 1891 1246 1933 ego
1279 1876 1421 1931 accepi
1450 1875 1506 1929 id,

250 1936 360 1990 quod
391 1936 473 1978 tibi
501 1936 764 1978 debebatur?
835 1936 946 1978 Puta
971 1950 1037 1977 me
1068 1936 1112 1976 in
1142 1934 1382 1990 praesentia.
1412 1947 1506 1975 con-

339 2066 359 2096 3
386 2062 613 2097 novissemus
638 2064 664 2095 B
695 2062 707 2106 ΙΙ
739 2065 759 2096 5
785 2061 1020 2096 abominetur
1043 2063 1144 2093 B--P
1179 2061 1191 2105 ΙΙ
1229 2062 1271 2094 10
1297 2058 1424 2110 deceni
1451 2058 1504 2092 -Χ-

246 2111 308 2142 ΔΒ
334 2109 392 2143 hic
417 2111 450 2143 et
469 2112 595 2153 postea
619 2109 764 2152 saepius
799 2109 811 2153 11
849 2111 891 2143 18
917 2107 1178 2142 contractus
1201 2108 1231 2139 A
1261 2104 1273 2149 ss
1305 2108 1348 2139 19
1373 2115 1430 2139 vir
1453 2103 1505 2149 ΒΗ

246 2159 290 2189 23
321 2154 415 2188 illud
440 2156 467 2190 t.
491 2167 519 2188 r.
545 2166 592 2190 m.
618 2166 652 2189 v.
678 2166 712 2199 q.
740 2155 772 2188 d.
801 2154 969 2188 debuerit
992 2163 1058 2188 om.
1082 2155 1109 2186 B
1140 2153 1152 2196 ΙΙ
1181 2150 1415 2203 vellem-An,
1433 2161 1505 2185 ⁴ve-

245 2201 320 2235 lem
345 2203 397 2234 Ab
416 2201 427 2245 Η
446 2201 572 2236 darem
598 2204 627 2235 Δ
651 2202 662 2244 ΙΙ
687 2204 731 2235 25
755 2201 854 2236 recte
881 2211 913 2234 a.
938 2201 965 2234 t.
990 2211 1025 2234 n.
1049 2210 1084 2243 p.
1105 2209 1136 2234 a.
1156 2210 1188 2233 n.
1212 2209 1244 2233 a.
1265 2197 1415 2233 civitate
1439 2207 1504 2232 om.

245 2250 272 2280 B
291 2248 302 2291 ΙΙ
322 2250 366 2283 26
392 2249 516 2292 potest
540 2251 592 2281 Aa
