1604 2488
176 751 219 782 10

174 1040 216 1072 15

173 1331 217 1362 20

173 1621 217 1652 25

172 1912 216 1943 30

247 113 329 154 128
723 113 1023 156 QUINTILIANI

244 219 281 261 si
300 234 374 274 per
393 219 503 262 hanc
526 220 721 273 stetisset,
751 222 799 262 ut
818 223 964 274 raptor
982 221 1152 276 periret,
1168 245 1222 252 —
1244 235 1500 277 quamquam

243 292 415 331 possem
446 278 602 319 dicere:
639 278 745 319 illud
779 293 864 320 non
903 279 1084 333 optavit,
1121 281 1164 321 et
1202 279 1289 335 legi
1318 294 1406 322 non
1437 283 1502 322 est

245 336 540 378 satisfactum«
577 360 623 365 —
663 336 842 378 haberet
878 339 1021 378 tamen
1062 337 1250 391 aliquam
1291 338 1502 380 rationem

245 393 396 434 saltem
427 394 538 435 falsa
568 394 658 435 eius
691 394 915 436 calumnia.
957 409 1068 436 nunc
1099 395 1198 449 quid
1222 395 1325 438 fecit
1348 396 1502 450 puella,

244 454 292 492 ut
321 454 468 506 raptor
504 452 768 494 moreretur?
828 452 978 507 Itaque
1014 453 1112 494 huic
1141 467 1228 495 non
1257 456 1427 496 tantum
1457 454 1503 495 in

243 509 324 551 1100
353 510 475 552 labor
501 513 576 565 est,
608 512 656 551 ut
680 510 792 551 bona
817 511 1002 565 raptoris
1029 511 1228 566 accipiat:
1259 511 1332 553 sed
1355 511 1402 552 in
1424 511 1501 554 illo

243 568 379 609 maior
418 568 651 623 aliquanto,
688 571 736 609 ut
772 569 892 610 vobis
926 569 1143 623 adprobet,
1173 568 1272 623 quid
1302 571 1502 624 optatura

242 625 390 680 fuerit,
435 626 471 667 si
507 627 678 668 viveret.
740 626 843 668 duas
881 627 993 668 enim
1037 627 1126 668 sine
1169 627 1296 669 dubio
1342 641 1501 681 poenas

244 683 444 726 adversus
489 687 706 739 raptorem
743 684 811 726 lex
855 685 1094 739 constituit,
1137 685 1316 727 alteram
1358 688 1503 726 tamen

245 741 409 783 mitem:
440 757 517 783 nec
549 757 715 797 semper
744 742 1060 797 hac†cogitata
1085 745 1127 784 et
1150 743 1400 798 publicata†
1413 757 1502 785 cru-

244 799 327 840 deli
357 801 434 842 illa
464 802 506 841 et
537 801 814 854 sanguinaria
843 803 1023 843 tenetur.
1065 801 1274 855 hodieque
1307 801 1500 855 [alioqui]

241 872 382 899 nonne
413 858 566 900 merito
599 874 624 900 a
654 859 792 913 vobis,
832 859 984 901 merito
1023 874 1048 900 a
1078 859 1249 901 civitate
1279 859 1503 913 reprehen-

243 915 428 970 deretur,
473 917 509 958 si
553 916 669 958 aliud
712 931 798 958 non
841 917 1027 971 optando
1063 917 1145 959 hoc
1182 917 1423 959 ostenderet
1461 919 1503 958 et

241 973 390 1026 fecisse
421 977 648 1028 raptorem,
680 974 791 1029 quod
821 974 916 1028 ipsa
946 977 1059 1016 esset
1089 975 1319 1029 optatura?

330 1031 439 1074 Hinc
468 1035 692 1074 transeunt
723 1033 775 1074 ad
807 1033 1092 1074 coniecturam
1125 1035 1167 1074 et
1191 1033 1399 1087 suspicari
1424 1047 1500 1074 vos

241 1090 389 1131 volunt
420 1105 486 1144 ea,
517 1105 623 1144 quae
656 1092 838 1145 probare
867 1104 954 1132 11011
985 1093 1175 1145 possunt.
1235 1104 1347 1144 „non
1377 1090 1503 1144 enim,

241 1147 458 1202 inquiunt,
502 1151 567 1189 est
604 1149 803 1190 credibile
841 1149 1076 1203 periturum
1113 1149 1247 1190 fuisse
1277 1150 1504 1202 raptorem,

241 1206 324 1247 nisi
356 1206 436 1248 hoc
468 1209 713 1260 optaturam
745 1207 896 1248 scisset
925 1205 1149 1261 puellam.“
1203 1206 1318 1248 Ante
1349 1206 1503 1259 omnia,

243 1278 338 1305 cum
369 1264 525 1306 dicitur
556 1265 707 1319 scisse,
742 1265 850 1306 illud
882 1264 1130 1319 ostenditur,
1160 1278 1286 1318 posse
1317 1264 1504 1318 probari,

244 1322 456 1376 quomodo
488 1323 641 1364 scierit.
684 1337 840 1377 quaero
873 1323 987 1364 enim
1019 1338 1044 1364 a
1074 1323 1195 1365 vobis
1226 1322 1333 1377 ipsis
1359 1321 1504 1364 adver-

243 1380 384 1434 sariis,
416 1381 628 1435 quomodo
661 1381 873 1435 colligatis
906 1381 1036 1423 scisse
1068 1395 1180 1434 eum,
1211 1394 1307 1422 cum
1337 1394 1424 1421 non
1454 1380 1503 1421 li-

243 1441 370 1492 queat
395 1438 476 1480 hoc
501 1439 654 1482 vobis?
687 1440 722 1480 si
747 1439 849 1494 quid
875 1442 952 1493 est,
979 1438 1140 1481 adferte
1166 1441 1209 1480 et
1233 1438 1286 1480 ad
1310 1437 1501 1480 iudicem.

242 1510 372 1537 unum
403 1499 701 1552 argumentum
740 1500 806 1539 est
842 1497 940 1550 <id>
972 1497 1130 1551 ipsum,
1169 1496 1282 1551 quod
1317 1495 1503 1551 perierit.

240 1553 322 1596 1100
353 1555 521 1596 etiamsi
551 1555 703 1597 mortis
734 1555 836 1596 fecit
866 1557 1000 1610 metu,
1037 1554 1178 1608 potuit
1207 1556 1352 1596 tamen
1381 1556 1503 1595 natu-

244 1612 389 1653 raliter
423 1611 556 1653 fuisse
593 1613 787 1654 timidus:
824 1613 952 1655 etiam
988 1613 1108 1654 nullo
1152 1614 1326 1666 accepto
1368 1612 1502 1667 signo,

240 1673 416 1723 propter
452 1670 564 1724 quod
600 1671 734 1712 vitam
772 1670 1032 1724 desperaret,
1076 1670 1321 1712 confusione
1361 1672 1504 1711 tamen

243 1730 286 1768 et
315 1729 489 1782 proprio
522 1728 655 1770 animi
687 1729 753 1770 sui
783 1729 946 1782 perisse
978 1731 1108 1770 motu.
1152 1741 1265 1769 nunc
1290 1741 1390 1769 vero
1415 1741 1502 1769 cre-

243 1785 371 1828 dibile
402 1801 488 1828 non
513 1788 588 1837 est,
621 1801 874 1840 quemquam
899 1786 1036 1842 perire
1062 1787 1212 1828 mortis
1238 1787 1364 1827 metu.
1402 1785 1503 1839 quid

242 1844 356 1885 enim
386 1844 530 1886 timuit
558 1844 769 1886 ulterius?
810 1859 938 1899 quare
971 1845 1101 1886 etiam
1127 1843 1367 1886 credibilius
1392 1843 1503 1885 vide-

242 1905 312 1943 tur
338 1903 456 1958 mihi,
479 1903 635 1944 idcirco
660 1903 822 1957 perisse
848 1917 956 1957 eum,
982 1902 1094 1957 quod
1118 1904 1361 1957 optaturam
1385 1901 1501 1955 puel-

241 1960 327 2000 lam
352 1961 464 2002 bona
491 1961 765 2003 existimaret.
806 1963 907 2003 sunt
933 1961 1045 2002 enim
1069 1961 1272 2015 plerique,
1298 1960 1371 2015 qui
1395 1973 1503 2001 mor-

338 2033 355 2062 1
381 2029 476 2063 hanc
501 2030 606 2064 testis
632 2029 697 2064 sed
715 2032 789 2074 AB,
815 2039 905 2064 corr.
919 2029 993 2063 Aer
1011 2030 1022 2074 ΙΙ
1042 2033 1061 2063 2
1080 2027 1164 2072 lege
1176 2031 1278 2061 B—I’
1295 2029 1308 2073 ss
1326 2031 1346 2062 3
1366 2027 1502 2062 habere

241 2076 279 2117 B,
304 2075 440 2110 habere
453 2079 479 2109 P
497 2077 508 2121 ΙΙ
527 2080 549 2110 4
573 2076 736 2128 puellam
749 2058 801 2110 Ait
819 2077 830 2121 n
851 2080 869 2111 7
895 2075 1000 2110 nobis
1017 2078 1044 2108 Β
1063 2074 1219 2120 {1³¹⁸quod
1232 2076 1294 2108 AB
1312 2074 1364 2118 118
1383 2074 1504 2108 fuerat

241 2123 268 2153 Β
298 2122 309 2165 ΙΙ
343 2125 385 2156 10
417 2133 484 2157 nec
511 2134 619 2176 saepe
645 2121 683 2157 111
708 2121 777 2157 hac
803 2122 977 2158 comitate
1002 2121 1151 2166 publica
1175 2120 1222 2166 (ἓ)
1247 2120 1304 2155 Ro
1333 2119 1345 2164 ΙΙ
1379 2124 1420 2155 11
1445 2119 1503 2154 1111

241 2169 304 2201 AB
322 2169 335 2213 fl
355 2169 587 2212 sanguinaria
612 2171 653 2213 A,
679 2168 935 2214 sanguinariae
960 2171 998 2211 Β,
1025 2179 1115 2203 corr.
1134 2168 1209 2203 Aer
1226 2167 1238 2211 ΙΙ
1256 2166 1443 2211 *alioquin
1461 2169 1502 2209 A

242 2214 381 2258 alioqui
405 2218 443 2258 Β,
469 2217 605 2251 exclusi
622 2217 633 2261 ss
655 2219 697 2250 14
721 2215 868 2250 fecisset
891 2217 918 2248 Β
945 2216 956 2260 ΙΙ
977 2218 1019 2250 17
1045 2215 1117 2260 est]
1144 2224 1223 2249 esse
1247 2217 1272 2247 Ρ
1291 2214 1302 2258 ΙΙ
1321 2217 1364 2248 22
1390 2214 1503 2250 liceat

241 2262 268 2293 Β
287 2261 298 2305 ΙΙ
318 2265 361 2296 23
387 2243 479 2308 (id)
504 2262 561 2297 Ro
579 2264 591 2306 ΙΙ
610 2266 653 2297 29
680 2261 830 2297 alterius
856 2264 929 2305 AB,
956 2272 1046 2297 corr.
1072 2261 1146 2296 Aer
1163 2261 1174 2305 ΙΙ
1194 2271 1328 2304 quaere
1353 2262 1383 2294 A
