1604 2488
420 122 546 158 DECL
553 122 847 159 AMATIONES.
875 122 1098 160 CCLXXIV.
1321 122 1407 164 123

206 231 253 275 Si
283 246 352 274 me
377 232 554 275 hercule
581 232 717 288 aliqui
742 232 937 274 liberalis
969 232 1088 286 civis,
1119 232 1254 274 immo
1274 231 1313 274 si
1333 245 1407 287 op·

114 291 220 334 time
259 292 439 334 meritus
477 293 524 334 in
556 291 652 335 foro
683 291 866 334 fulmine
899 294 1015 334 esset
1045 292 1196 347 ictusL
1220 291 1407 334 dicerem

113 353 260 394 tamen
293 351 546 407 excipienda
572 351 794 407 quaedam.
842 365 927 394 non
957 352 1068 394 enim
1103 365 1253 394 omnes
1280 365 1406 393 casus

114 411 340 466 providere
391 411 538 467 legum
589 411 750 453 latores
799 413 1056 466 potuerunt:
1112 425 1191 453 nec
1241 410 1407 466 templa

114 473 296 526 excepta
327 473 438 513 sunt.
488 467 657 525 forum,
675 470 789 525 quod
815 469 924 512 mihi
950 471 1163 526 templum
1190 470 1406 526 quoddam

87 530 234 586 pacis
265 530 449 585 videtur,
480 531 526 572 in
558 545 642 586 quo
674 531 768 572 iura
797 532 1062 585 exercentur,
1094 533 1274 585 propter
1293 529 1406 585 quod

113 589 232 645 leges
258 590 418 645 valent,
447 591 589 633 bustis
614 590 934 645 occupabimus,
959 589 1164 632 infaustis
1191 589 1405 632 cineribus

112 648 388 704 polluamus?
438 652 581 693 totum
617 649 791 691 hercule
828 649 975 704 potius
1013 649 1309 704 relinquamus
1341 651 1407 704 ty·

113 709 240 751 ranni
272 709 488 765 sepulcr03
520 712 736 752 mutemus
769 709 913 752 locum
945 708 1213 751 iudiciorum.

554 812 695 848 PARS
721 812 962 850 ALTERA.

639 897 870 942 SERMO.

202 981 264 1025 Ut
295 981 543 1038 sepeliatur,
575 981 883 1037 superstitione
911 983 1004 1024 sola
1030 982 1143 1025 effici
1169 983 1325 1038 potest,
1357 985 1406 1024 ut

43 1048 55 1060 ·
111 1041 156 1085 in
188 1041 515 1097 comparatione
549 1041 696 1098 legum
727 1041 833 1084 illud
865 1042 1166 1098 potentissime
1198 1042 1404 1097 dicamus,

111 1115 207 1160 eam
251 1101 394 1157 legem
432 1101 573 1156 magis
612 1115 707 1144 esse
747 1101 1022 1156 servandam,
1068 1116 1177 1157 quae
1226 1101 1404 1144 deorum

112 1160 256 1217 gratia
287 1160 450 1216 scripta
481 1160 555 1215 sit,
596 1175 726 1216 quam
763 1175 872 1216 quae
904 1161 1150 1203 hominum:
1196 1161 1403 1203 adversus

111 1220 287 1275 tyranni
330 1221 585 1275 sepulturam
627 1220 880 1263 hominibus
923 1223 1096 1263 tantum
1141 1235 1234 1263 esse
1273 1221 1404 1276 scrip-

110 1282 219 1334 tam,
257 1282 301 1321 et
339 1280 546 1336 scriptam
582 1279 850 1322 levissimam
888 1283 1058 1335 partem
1090 1280 1291 1322 ultionis:
1323 1280 1405 1322 hoc

112 1352 233 1393 vero,
275 1339 390 1395 quod
427 1339 713 1382 constitutum
758 1342 842 1395 est,
885 1342 934 1382 ut
966 1354 1050 1395 quo
1090 1339 1271 1395 quisque
1308 1339 1404 1381 loco

109 1397 294 1442 fulmine
332 1399 444 1441 ictus
483 1401 615 1454 esset,
660 1399 810 1441 eodem
854 1399 1129 1454 sepeliretur,
1178 1398 1403 1455 religionis

111 1471 219 1500 esse.

530 1526 980 1572 DECLAMATIO.

201 1609 353 1667 Neque
384 1610 467 1653 hoc
495 1614 675 1666 propter
699 1625 931 1666 personam
957 1627 1097 1668 neque
1123 1612 1168 1655 in
1194 1612 1402 1655 honorem

112 1670 293 1713 alicuius
327 1670 551 1725 scripsisse
583 1673 728 1726 potest
759 1670 907 1726 legum
933 1671 1049 1714 lator
1075 1672 1226 1726 videri,
1259 1671 1332 1714 sed
1359 1672 1403 1714 in

109 1730 399 1772 reverentiam
430 1729 620 1772 deorum.
682 1729 749 1772 fas
781 1745 868 1772 non
902 1733 985 1786 est,
1024 1731 1123 1773 inde
1156 1732 1403 1774 submoveri

109 1789 244 1832 ictum
274 1790 417 1832 illum:
457 1789 674 1845 quomodo
707 1790 908 1833 sederant
940 1791 1158 1846 flammae,
1202 1791 1266 1833 ita
1305 1805 1402 1834 con-

209 1898 224 1930 1
254 1894 391 1940 aliquis
416 1897 443 1930 B
469 1896 480 1941 ΙΙ
511 1899 532 1930 3
559 1893 701 1931 *immo
734 1906 855 1940 neque
881 1898 947 1930 ΑΒ
978 1896 990 1940 ΙΙ
1022 1899 1116 1931 3-4
1141 1896 1256 1932 immo
1283 1907 1402 1942 neque

109 1952 144 1978 o.
170 1953 202 1977 o.
227 1954 262 1988 p.
289 1942 314 1977 1.
339 1942 364 1979 1.
390 1954 426 1988 p.
454 1945 493 1978 et
517 1942 661 1988 templa
687 1953 717 1979 e.
745 1955 772 1979 s.
799 1943 857 1978 Ro
889 1944 901 1989 ΙΙ
933 1946 953 1978 5
980 1943 1104 1979 forum
1130 1943 1225 1979 mihi
1251 1943 1404 1989 quidem

109 1990 136 2025 t.
162 1992 189 2023 B
215 1990 228 2036 ΙΙ
253 1993 273 2025 6
299 1990 379 2025 iure
405 1992 435 2024 A
459 1991 471 2036 ll
498 1994 517 2026 7
545 1989 810 2035 occupavimus
835 1994 862 2024 B
888 1992 940 2036 118
967 2003 1001 2036 p.
1029 1989 1151 2026 forum
1178 1993 1276 2026 herc.
1303 1994 1330 2025 B
1349 1991 1361 2037 ΙΙ
1382 1996 1401 2027 9

108 2035 302 2073 mittemus
328 2041 354 2071 P
373 2038 384 2083 ΙΙ
402 2036 592 2073 iudiorum
612 2040 651 2081 Β,
677 2038 719 2072 tu
741 2037 893 2073 deorum
914 2041 940 2071 P
960 2040 971 2084 ΙΙ
993 2042 1132 2073 10—12
1158 2038 1251 2074 Pars
1271 2038 1401 2075 altera.

108 2087 153 2122 ut
172 2095 248 2130 sep.
270 2096 296 2121 s.
319 2085 408 2121 sola.
431 2085 569 2121 Sermo.
591 2084 699 2120 Effici
717 2088 744 2119 Β
764 2086 775 2131 Η
798 2089 936 2121 12—13
956 2087 1093 2132 potest.
1114 2086 1202 2122 hinc
1220 2086 1261 2121 in
1280 2098 1400 2132 comp.

108 2130 257 2178 (?)Rofl
278 2136 320 2168 13
346 2132 541 2178 potissime
567 2132 656 2176 Seh;
680 2133 835 2177 fortasse
848 2133 1179 2178 *potentissimum
1197 2135 1209 2180 ss
1231 2138 1274 2169 15
1288 2134 1399 2170 *adv.

108 2179 137 2215 t.
163 2179 345 2233 ultionem
370 2180 469 2216 hom.
495 2183 578 2234 ΔΒ,
604 2180 688 2215 adv.
709 2181 741 2234 t.
767 2192 803 2216 u.
829 2180 954 2225 legem
979 2180 1080 2217 hom.
1105 2181 1177 2217 Sch
1207 2183 1219 2228 ΙΙ
1253 2186 1296 2218 16
1323 2193 1402 2236 esse

109 2227 290 2310 {fiffluff
307 2226 768 2321 mlmztefgnksss‘fszss
792 2228 959 2322 ffel&
980 2228 1402 2322 lffiffuisstffi4<2⁴3⁸¹kssl

110 2318 166 2355 ill.
191 2319 230 2356 iu
256 2333 368 2366 quem
394 2321 471 2358 sed.
498 2325 524 2356 Β
551 2324 562 2368 ΙΙ
588 2322 779 2369 sederant]
804 2323 982 2359 fuderant
1007 2325 1100 2360 coni.
1127 2324 1186 2360 Ro
1391 2307 1393 2322 ¹

1434 827 1476 858 10

1433 1171 1475 1203 15

1429 1467 1475 1500 20

1426 1801 1474 1832 ,25
