1604 2488
426 101 858 149 DEcLAMA'rIoNES.
884 110 1087 148 cccxxv.
1305 110 1391 154 281

107 221 204 268 Vox
239 222 482 266 eommunis
521 224 605 278 est3
649 221 803 264 iisdem
846 220 990 263 verbis
1034 220 1305 277 interrogare
1348 222 1394 264 te

103 296 302 339 possum:
346 281 449 338 quid
485 295 724 336 merueras,
766 283 816 323 ut
846 282 891 323 te
923 279 1130 322 scriberet
1159 279 1393 323 heredem?

105 341 312 399 quamdiu
350 341 465 384 enim
502 341 681 384 tertium
716 354 805 383 non
846 338 1042 395 exhibes,
1086 339 1154 382 cui
1185 339 1395 383 debeatur

103 400 340 456 hereditas,
376 400 491 444 inter
534 414 614 444 nos
657 399 856 456 quaestio
895 400 973 442 est.
1035 398 1073 441 si
1109 399 1394 453 nominasses,

103 459 289 504 fortasse
327 462 371 502 et
408 460 476 502 illi
521 459 726 502 dicerem:
775 473 859 514 quo
896 458 1086 501 merito?
1138 458 1211 502 sed
1253 473 1392 514 neque
1418 467 1439 502 ὃ

102 519 305 563 nominas
343 519 481 562 ullum
514 519 751 562 extrarium
782 532 923 573 neque
954 517 1175 560 vindicare
1206 518 1290 560 tibi
1321 532 1395 573 po-

101 581 174 622 tes
199 578 502 622 hereditatem.
557 578 738 634 proinde
767 578 894 620 nobis
925 577 1156 633 responde:
1190 592 1275 633 quo
1307 591 1395 620 me-

103 638 191 681 rito
218 637 386 693 <tuo>‘?
410 638 542 681 nullo.
580 637 676 694 quis
707 638 884 694 ignorat
914 639 1277 680 testamentorum
1308 637 1395 680 for-

102 697 286 741 tunam?
319 699 363 739 et
395 700 510 740 esset
539 697 727 740 fortasse
758 697 805 739 in
834 699 979 739 totum
1011 697 1207 752 iniquum
1232 696 1395 752 requiri

103 771 132 799 a
159 757 287 800 nobis
319 757 479 800 mentis
512 756 679 800 alienae
710 757 940 799 rationem.
991 758 1091 798 sunt
1124 755 1299 811 quidam
1330 756 1394 799 in-
1422 765 1466 798 10

103 815 390 859 rationabiles
424 816 612 872 impetus
649 816 911 870 animorum,
951 815 1165 871 quaedam
1201 815 1396 871 gratuita

104 872 174 931 (ut
210 874 344 930 vulgo
382 874 613 932 vocantur)
652 874 762 918 odia.
831 874 1031 930 quotiens
1070 874 1311 917 audivimus
1348 874 1395 916 fi-

102 933 212 977 lium
243 933 476 977 dicentem:
522 949 607 990 quo
648 949 744 977 meo
777 935 931 976 merito
962 935 1089 988 pater
1119 948 1189 976 me
1221 933 1395 977 exhere-

103 991 252 1036 davit?
294 993 464 1036 nullam
495 1008 589 1036 rem
621 993 893 1049 frequentior
924 993 1154 1035 admiratio
1188 993 1394 1048 sequitur.

198 1050 284 1096 Sed
313 1052 542 1096 tolerabile
574 1055 680 1107 erat,
711 1053 750 1095 si
783 1053 1155 1109 interrogaremur
1185 1052 1268 1094 hoc
1299 1055 1394 1095 tan·
1423 1060 1465 1092 15

100 1113 197 1155 tum
235 1111 289 1156 de
324 1111 584 1155 hereditate:
623 1113 756 1155 altius
794 1112 1038 1155 convicium
1077 1113 1276 1167 quaestio
1306 1112 1395 1154 ista

100 1170 246 1214 habet.
306 1170 438 1226 quid?
483 1172 520 1214 si
553 1186 644 1213 non
675 1171 915 1214 communis
947 1172 1034 1214 ista
1070 1171 1255 1214 infamia
1290 1171 1396 1214 fuis-

102 1231 181 1272 set.
213 1229 317 1285 quid
348 1230 482 1286 ergo?
525 1244 682 1286 negem
712 1230 847 1273 fuisse
878 1245 1109 1285 rumorem,
1147 1230 1221 1285 qui
1254 1244 1396 1285 asper-

103 1290 227 1344 geret
250 1288 362 1331 hanc
385 1289 624 1332 feminam?
657 1293 706 1332 tu
732 1290 829 1343 scis,
861 1304 918 1331 an
943 1304 1046 1331 vera
1071 1289 1172 1331 sint.
1205 1291 1248 1331 et
1271 1303 1395 1344 prae-

103 1347 218 1390 senti
247 1346 436 1391 fortasse
468 1348 540 1391 liti
570 1349 639 1391 vel
672 1348 930 1404 expediebat
961 1348 1169 1391 confiteri.
1223 1362 1325 1390 nam
1358 1348 1395 1390 si
1421 1357 1466 1389 20

101 1406 230 1462 istud,
256 1407 371 1462 quod
394 1407 591 1464 intellegi
616 1407 694 1463 vis,
719 1422 870 1450 verum
898 1409 975 1463 est,
999 1407 1149 1462 utique
1174 1407 1393 1450 hereditas

101 1467 254 1509 nostra
291 1468 370 1509 est.
433 1467 507 1509 sed
544 1467 728 1522 pecunia
764 1467 910 1523 potius
942 1466 1256 1522 periclitemur:
1301 1467 1396 1509 nul-

102 1525 195 1568 lum
237 1525 443 1568 meritum
486 1526 633 1568 uxoris
677 1528 778 1568 tuae
822 1525 1028 1569 adversus
1073 1525 1252 1568 divitem
1300 1525 1395 1568 fuit.

103 1583 229 1641 quasi
266 1599 368 1627 vero
405 1585 574 1627 meritis
613 1588 785 1628 tantum
823 1585 1086 1628 hereditates
1127 1585 1395 1641 contingant.

102 1643 286 1686 interest
319 1658 374 1686 an
405 1646 586 1699 ametur,
619 1644 693 1700 qui
725 1644 872 1687 amat?
903 1644 1050 1699 potuit
1080 1644 1192 1686 hanc
1225 1659 1394 1686 amasse
1420 1653 1465 1686 25

101 1700 309 1746 feminam
341 1703 474 1756 dives,
506 1704 628 1746 salva
658 1703 787 1746 huius
821 1703 1096 1746 conscientia.
1146 1704 1274 1757 [erat]
1302 1717 1395 1759 spe—

101 1760 226 1805 ciosa
247 1764 351 1806 erat.
389 1763 534 1818 potuit
558 1763 605 1805 in
629 1762 745 1806 hunc
766 1762 983 1805 adfectum
1007 1762 1222 1807 incidisse.
1265 1763 1396 1805 multi

103 1823 222 1877 sunt,
263 1822 337 1877 qui
374 1823 640 1865 testamenta
682 1823 745 1865 sic
777 1823 989 1877 scribant,
1029 1824 1254 1877 tamquam
1284 1822 1395 1864 illud

102 1880 157 1922 ad
186 1879 325 1923 vitam
351 1895 500 1923 eorum
525 1881 753 1936 pertineat.
799 1882 860 1924 sic
886 1881 1061 1936 quidam
1086 1881 1268 1924 heredes
1296 1882 1396 1923 scri·

101 1938 213 1982 bunt
262 1953 354 1995 eos,
404 1954 513 1995 quos
564 1942 757 1995 captant,
806 1943 1032 1995 tamquam
1081 1940 1393 1994 intellecturos,
1419 1950 1465 1982 30

199 2023 218 2055 1
245 2019 392 2055 hisdem
417 2022 476 2054 AB
495 2020 507 2065 ΙΙ
527 2020 766 2064 quominus
792 2023 823 2054 A
847 2022 859 2066 ΙΙ
885 2024 906 2056 3
933 2020 1047 2055 etiam
1071 2023 1156 2065 AB,
1183 2031 1276 2057 corr.
1303 2021 1396 2066 SchU

102 2069 125 2102 ὁ
149 2067 339 2112 quomodo
365 2067 499 2103 merito
524 2070 551 2101 B
571 2068 583 2113 u
603 2072 622 2103 7
648 2067 804 2113 perinde
823 2070 850 2101 B
869 2068 881 2113 ΙΙ
899 2068 1142 2113 respondebis
1161 2071 1190 2102 Δ
1209 2068 1221 2113 ΙΙ
1240 2073 1261 2105 8
1273 2067 1396 2117 (tuo)

101 2114 178 2150 Aer
196 2116 209 2160 ΙΙ
228 2117 250 2149 9
276 2125 356 2150 esse
383 2116 422 2150 et
445 2114 514 2150 for.
541 2118 567 2148 B
587 2115 599 2160 ΙΙ
620 2118 664 2150 10
690 2114 842 2159 quidem
861 2118 887 2149 B
908 2115 919 2160 ΙΙ
939 2119 985 2150 14
1006 2117 1048 2147 Ν
1070 2118 1101 2149 A
1119 2117 1132 2161 ΙΙ
1153 2120 1293 2152 17-18
1318 2117 1394 2160 for-

101 2165 196 2198 tasse
222 2161 318 2209 *[si]
344 2174 381 2197 n.
408 2173 438 2198 c.
464 2161 488 2198 i.
515 2161 540 2198 i.
566 2162 738 2208 fui[sse]t
768 2164 780 2208 ΙΙ
810 2166 856 2198 20
881 2162 949 2198 lite
974 2162 1033 2198 Ro
1064 2163 1075 2207 ΙΙ
1101 2166 1145 2198 21
1172 2163 1395 2210 intellegitis

102 2207 162 2246 Ro
179 2210 256 2263 [23
277 2210 499 2246 adversus
518 2212 549 2243 A
567 2210 580 2255 ΙΙ
599 2214 645 2245 24
672 2209 928 2246 ereditates
954 2221 1290 2256 nonnumquam
1315 2223 1396 2247 usu

103 2266 262 2350 {giaf
288 2268 376 2293 non
400 2257 567 2293 merito
593 2260 623 2291 Δ
642 2259 654 2303 ΙΙ
674 2260 719 2292 25
744 2257 812 2294 int.
837 2259 881 2293 ut
905 2268 976 2293 am.
1003 2261 1030 2292 Β
1049 2261 1062 2303 n
1081 2262 1126 2294 26
1152 2258 1317 2294 foemina
1341 2261 1368 2292 Β
