<?xml version="1.0" encoding="UTF-8"?>
<!DOCTYPE html PUBLIC "-//W3C//DTD XHTML 1.0 Transitional//EN"
    "http://www.w3.org/TR/xhtml1/DTD/xhtml1-transitional.dtd">
<html xmlns="http://www.w3.org/1999/xhtml" xml:lang="en" lang="en">
 <head>
  <title>
</title>
<meta http-equiv="Content-Type" content="text/html;charset=utf-8" />
  <meta name='ocr-system' content='tesseract 3.04.00' />
  <meta name='ocr-capabilities' content='ocr_page ocr_carea ocr_par ocr_line ocrx_word'/>
</head>
<body>
  <div class='ocr_page' id='page_1' title='image "./declamationesqua00quinuoft_0021.png"; bbox 0 0 1560 2462; ppageno 0'>
   <div class='ocr_carea' id='block_1_1' title="bbox 621 86 1410 126">
    <p class='ocr_par' dir='ltr' id='par_1_1' title="bbox 621 86 1410 126">
     <span class='ocr_line' id='line_1_1' title="bbox 621 86 1410 126; baseline -0.006 0"><span class='ocrx_word' id='word_1_1' title='bbox 621 88 910 126; x_wconf 83' lang='lat' dir='ltr'>PRAEFATIO.</span> <span class='ocrx_word' id='word_1_2' title='bbox 1304 86 1410 122; x_wconf 87' lang='lat' dir='ltr'>XVII</span> 
     </span>
    </p>
   </div>
   <div class='ocr_carea' id='block_1_2' title="bbox 95 189 1414 1353">
    <p class='ocr_par' dir='ltr' id='par_1_2' title="bbox 95 189 1414 1353">
     <span class='ocr_line' id='line_1_2' title="bbox 117 189 1410 246; baseline -0.008 -10"><span class='ocrx_word' id='word_1_3' title='bbox 117 196 384 246; x_wconf 78' lang='lat' dir='ltr'>usurpantur3</span> <span class='ocrx_word' id='word_1_4' title='bbox 415 204 610 244; x_wconf 77' lang='lat' dir='ltr'><strong>persaepe</strong></span> <span class='ocrx_word' id='word_1_5' title='bbox 641 193 853 241; x_wconf 86' lang='lat' dir='ltr'>praeterea</span> <span class='ocrx_word' id='word_1_6' title='bbox 884 189 1021 239; x_wconf 84' lang='lat' dir='ltr'>aliqua</span> <span class='ocrx_word' id='word_1_7' title='bbox 1045 189 1180 237; x_wconf 85' lang='lat' dir='ltr'>verba,</span> <span class='ocrx_word' id='word_1_8' title='bbox 1213 201 1316 238; x_wconf 88' lang='lat' dir='ltr'>quae</span> <span class='ocrx_word' id='word_1_9' title='bbox 1335 200 1410 238; x_wconf 85' lang='lat' dir='ltr'>per</span> 
     </span>
     <span class='ocr_line' id='line_1_3' title="bbox 112 253 1409 311; baseline -0.007 -11"><span class='ocrx_word' id='word_1_10' title='bbox 112 259 351 311; x_wconf 84' lang='lat' dir='ltr'>compendia</span> <span class='ocrx_word' id='word_1_11' title='bbox 393 272 475 298; x_wconf 93' lang='lat' dir='ltr'>non</span> <span class='ocrx_word' id='word_1_12' title='bbox 517 258 691 298; x_wconf 82' lang='lat' dir='ltr'>multum</span> <span class='ocrx_word' id='word_1_13' title='bbox 736 254 1006 304; x_wconf 79' lang='lat' dir='ltr'>discrepantia</span> <span class='ocrx_word' id='word_1_14' title='bbox 1048 255 1156 293; x_wconf 84' lang='lat' dir='ltr'>inter</span> <span class='ocrx_word' id='word_1_15' title='bbox 1199 267 1242 294; x_wconf 90' lang='lat' dir='ltr'>se</span> <span class='ocrx_word' id='word_1_16' title='bbox 1287 253 1409 293; x_wconf 78' lang='lat' dir='ltr'>scribi</span> 
     </span>
     <span class='ocr_line' id='line_1_4' title="bbox 113 320 1409 375; baseline -0.005 -10"><span class='ocrx_word' id='word_1_17' title='bbox 113 327 264 375; x_wconf 86' lang='lat' dir='ltr'>solent,</span> <span class='ocrx_word' id='word_1_18' title='bbox 294 326 452 365; x_wconf 82' lang='lat' dir='ltr'>mutata</span> <span class='ocrx_word' id='word_1_19' title='bbox 479 325 585 363; x_wconf 87' lang='lat' dir='ltr'>inter</span> <span class='ocrx_word' id='word_1_20' title='bbox 610 334 670 372; x_wconf 87' lang='lat' dir='ltr'>se,</span> <span class='ocrx_word' id='word_1_21' title='bbox 701 321 828 361; x_wconf 85' lang='lat' dir='ltr'>veluti</span> <span class='ocrx_word' id='word_1_22' title='bbox 853 323 991 359; x_wconf 87' lang='lat' dir='ltr'>tamen</span> <span class='ocrx_word' id='word_1_23' title='bbox 1016 322 1056 359; x_wconf 88' lang='lat' dir='ltr'>et</span> <span class='ocrx_word' id='word_1_24' title='bbox 1081 322 1253 370; x_wconf 85' lang='lat' dir='ltr'>tantum,</span> <span class='ocrx_word' id='word_1_25' title='bbox 1287 320 1409 358; x_wconf 88' lang='lat' dir='ltr'>etiam</span> 
     </span>
     <span class='ocr_line' id='line_1_5' title="bbox 116 385 1410 435; baseline -0.005 -5"><span class='ocrx_word' id='word_1_26' title='bbox 116 390 188 430; x_wconf 92' lang='lat' dir='ltr'>ubi</span> <span class='ocrx_word' id='word_1_27' title='bbox 218 390 260 430; x_wconf 88' lang='lat' dir='ltr'>in</span> <span class='ocrx_word' id='word_1_28' title='bbox 290 390 324 428; x_wconf 92' lang='lat' dir='ltr'>B</span> <span class='ocrx_word' id='word_1_29' title='bbox 351 392 393 429; x_wconf 88' lang='lat' dir='ltr'>et</span> <span class='ocrx_word' id='word_1_30' title='bbox 420 390 463 428; x_wconf 89' lang='lat' dir='ltr'>in</span> <span class='ocrx_word' id='word_1_31' title='bbox 486 389 518 428; x_wconf 92' lang='lat' dir='ltr'>P</span> <span class='ocrx_word' id='word_1_32' title='bbox 544 386 727 428; x_wconf 87' lang='lat' dir='ltr'>omnibus</span> <span class='ocrx_word' id='word_1_33' title='bbox 753 385 882 424; x_wconf 80' lang='lat' dir='ltr'>literis</span> <span class='ocrx_word' id='word_1_34' title='bbox 908 398 1099 435; x_wconf 84' lang='lat' dir='ltr'>expressa</span> <span class='ocrx_word' id='word_1_35' title='bbox 1125 387 1230 424; x_wconf 84' lang='lat' dir='ltr'>sunt.</span> <span class='ocrx_word' id='word_1_36' title='bbox 1283 385 1410 434; x_wconf 85' lang='lat' dir='ltr'>Atqui</span> 
     </span>
     <span class='ocr_line' id='line_1_6' title="bbox 112 450 1411 502; baseline -0.006 -7"><span class='ocrx_word' id='word_1_37' title='bbox 112 458 224 495; x_wconf 85' lang='lat' dir='ltr'>certe</span> <span class='ocrx_word' id='word_1_38' title='bbox 253 468 335 495; x_wconf 90' lang='lat' dir='ltr'>non</span> <span class='ocrx_word' id='word_1_39' title='bbox 366 456 469 496; x_wconf 77' lang='lat' dir='ltr'>tanti</span> <span class='ocrx_word' id='word_1_40' title='bbox 502 466 589 494; x_wconf 86' lang='lat' dir='ltr'>esse</span> <span class='ocrx_word' id='word_1_41' title='bbox 620 453 782 502; x_wconf 84' lang='lat' dir='ltr'>poterat</span> <span class='ocrx_word' id='word_1_42' title='bbox 812 450 916 490; x_wconf 89' lang='lat' dir='ltr'>liber</span> <span class='ocrx_word' id='word_1_43' title='bbox 946 451 980 488; x_wconf 94' lang='lat' dir='ltr'><strong>B</strong></span> <span class='ocrx_word' id='word_1_44' title='bbox 1011 450 1206 501; x_wconf 87' lang='lat' dir='ltr'>Ugoleto,</span> <span class='ocrx_word' id='word_1_45' title='bbox 1239 450 1274 489; x_wconf 87' lang='lat' dir='ltr'>si</span> <span class='ocrx_word' id='word_1_46' title='bbox 1303 450 1411 488; x_wconf 87' lang='lat' dir='ltr'>idem</span> 
     </span>
     <span class='ocr_line' id='line_1_7' title="bbox 116 515 1412 565; baseline -0.006 -4"><span class='ocrx_word' id='word_1_47' title='bbox 116 521 380 561; x_wconf 79' lang='lat' dir='ltr'>vetustiorem</span> <span class='ocrx_word' id='word_1_48' title='bbox 403 521 520 560; x_wconf 88' lang='lat' dir='ltr'>illum</span> <span class='ocrx_word' id='word_1_49' title='bbox 544 519 694 558; x_wconf 88' lang='lat' dir='ltr'>librum</span> <span class='ocrx_word' id='word_1_50' title='bbox 720 526 840 555; x_wconf 87' lang='lat' dir='ltr'>suum</span> <span class='ocrx_word' id='word_1_51' title='bbox 863 515 1051 555; x_wconf 89' lang='lat' dir='ltr'>habebat.</span> <span class='ocrx_word' id='word_1_52' title='bbox 1096 515 1207 554; x_wconf 91' lang='lat' dir='ltr'>Haec</span> <span class='ocrx_word' id='word_1_53' title='bbox 1227 527 1339 565; x_wconf 88' lang='lat' dir='ltr'>ergo,</span> <span class='ocrx_word' id='word_1_54' title='bbox 1365 517 1412 553; x_wconf 89' lang='lat' dir='ltr'>ut</span> 
     </span>
     <span class='ocr_line' id='line_1_8' title="bbox 114 580 1412 637; baseline -0.006 -11"><span class='ocrx_word' id='word_1_55' title='bbox 114 587 254 637; x_wconf 83' lang='lat' dir='ltr'>paucis</span> <span class='ocrx_word' id='word_1_56' title='bbox 285 588 488 636; x_wconf 83' lang='lat' dir='ltr'>repetam,</span> <span class='ocrx_word' id='word_1_57' title='bbox 520 584 569 623; x_wconf 91' lang='lat' dir='ltr'>de</span> <span class='ocrx_word' id='word_1_58' title='bbox 601 582 784 622; x_wconf 89' lang='lat' dir='ltr'>omnibus</span> <span class='ocrx_word' id='word_1_59' title='bbox 816 580 898 620; x_wconf 87' lang='lat' dir='ltr'>illis</span> <span class='ocrx_word' id='word_1_60' title='bbox 927 593 1098 632; x_wconf 85' lang='lat' dir='ltr'>quorum</span> <span class='ocrx_word' id='word_1_61' title='bbox 1130 581 1292 620; x_wconf 88' lang='lat' dir='ltr'>initium</span> <span class='ocrx_word' id='word_1_62' title='bbox 1323 582 1412 619; x_wconf 86' lang='lat' dir='ltr'>erat</span> 
     </span>
     <span class='ocr_line' id='line_1_9' title="bbox 117 635 1410 695; baseline -0.005 -4"><span class='ocrx_word' id='word_1_63' title='bbox 117 653 191 690; x_wconf 78' lang='lat' dir='ltr'>aut</span> <span class='ocrx_word' id='word_1_64' title='bbox 216 653 278 691; x_wconf 88' lang='lat' dir='ltr'>est</span> <span class='ocrx_word' id='word_1_65' title='bbox 291 635 330 690; x_wconf 64' lang='lat' dir='ltr'>⁵a</span> <span class='ocrx_word' id='word_1_66' title='bbox 356 649 645 690; x_wconf 78' lang='lat' dir='ltr'>declamatione</span> <span class='ocrx_word' id='word_1_67' title='bbox 667 648 749 686; x_wconf 85' lang='lat'>252</span> <span class='ocrx_word' id='word_1_68' title='bbox 772 647 916 695; x_wconf 87' lang='lat' dir='ltr'>media,</span> <span class='ocrx_word' id='word_1_69' title='bbox 947 647 1061 686; x_wconf 88' lang='lat' dir='ltr'>libris</span> <span class='ocrx_word' id='word_1_70' title='bbox 1078 647 1200 686; x_wconf 86' lang='lat' dir='ltr'>velim</span> <span class='ocrx_word' id='word_1_71' title='bbox 1219 648 1410 688; x_wconf 77' lang='lat' dir='ltr'>statuere.</span> 
     </span>
     <span class='ocr_line' id='line_1_10' title="bbox 118 710 1413 766; baseline -0.004 -12"><span class='ocrx_word' id='word_1_72' title='bbox 118 716 249 756; x_wconf 83' lang='lat' dir='ltr'>Vetus</span> <span class='ocrx_word' id='word_1_73' title='bbox 282 717 487 766; x_wconf 84' lang='lat' dir='ltr'>exemplar</span> <span class='ocrx_word' id='word_1_74' title='bbox 517 715 642 753; x_wconf 88' lang='lat' dir='ltr'>fuisse</span> <span class='ocrx_word' id='word_1_75' title='bbox 668 726 810 752; x_wconf 87' lang='lat' dir='ltr'>unum:</span> <span class='ocrx_word' id='word_1_76' title='bbox 841 713 948 763; x_wconf 87' lang='lat' dir='ltr'>quod</span> <span class='ocrx_word' id='word_1_77' title='bbox 972 713 1101 762; x_wconf 82' lang='lat' dir='ltr'>primo</span> <span class='ocrx_word' id='word_1_78' title='bbox 1127 713 1169 751; x_wconf 89' lang='lat' dir='ltr'>in</span> <span class='ocrx_word' id='word_1_79' title='bbox 1196 710 1413 751; x_wconf 79' lang='lat' dir='ltr'>Germania</span> 
     </span>
     <span class='ocr_line' id='line_1_11' title="bbox 119 772 1411 831; baseline -0.005 -10"><span class='ocrx_word' id='word_1_80' title='bbox 119 775 213 821; x_wconf 81' lang='lat' dir='ltr'>usui</span> <span class='ocrx_word' id='word_1_81' title='bbox 255 781 381 820; x_wconf 87' lang='lat' dir='ltr'>fuisse</span> <span class='ocrx_word' id='word_1_82' title='bbox 424 780 636 831; x_wconf 86' lang='lat' dir='ltr'>Agricolae</span> <span class='ocrx_word' id='word_1_83' title='bbox 682 772 751 831; x_wconf 63' lang='lat' dir='ltr'>(et&gt;</span> <span class='ocrx_word' id='word_1_84' title='bbox 785 778 918 817; x_wconf 89' lang='lat' dir='ltr'>nescio</span> <span class='ocrx_word' id='word_1_85' title='bbox 963 791 1014 816; x_wconf 89' lang='lat' dir='ltr'>an</span> <span class='ocrx_word' id='word_1_86' title='bbox 1057 777 1179 816; x_wconf 89' lang='lat' dir='ltr'>etiam</span> <span class='ocrx_word' id='word_1_87' title='bbox 1226 775 1411 816; x_wconf 82' lang='lat' dir='ltr'>Cornelio</span> 
     </span>
     <span class='ocr_line' id='line_1_12' title="bbox 119 841 1412 899; baseline -0.006 -12"><span class='ocrx_word' id='word_1_88' title='bbox 119 848 328 899; x_wconf 84' lang='lat' dir='ltr'>Agrippae</span> <span class='ocrx_word' id='word_1_89' title='bbox 348 847 396 886; x_wconf 88' lang='lat' dir='ltr'>cf.</span> <span class='ocrx_word' id='word_1_90' title='bbox 416 859 454 896; x_wconf 85' lang='lat' dir='ltr'>p.</span> <span class='ocrx_word' id='word_1_91' title='bbox 478 847 530 885; x_wconf 90' lang='grc'>16</span> <span class='ocrx_word' id='word_1_92' title='bbox 551 842 608 897; x_wconf 78' lang='lat' dir='ltr'>n),</span> <span class='ocrx_word' id='word_1_93' title='bbox 628 848 714 883; x_wconf 85' lang='lat' dir='ltr'>tum</span> <span class='ocrx_word' id='word_1_94' title='bbox 734 844 977 882; x_wconf 85' lang='lat' dir='ltr'>translatum</span> <span class='ocrx_word' id='word_1_95' title='bbox 1000 841 1144 881; x_wconf 81' lang='lat' dir='ltr'>Senam</span> <span class='ocrx_word' id='word_1_96' title='bbox 1165 855 1189 881; x_wconf 86' lang='lat' dir='ltr'>a</span> <span class='ocrx_word' id='word_1_97' title='bbox 1208 841 1412 892; x_wconf 87' lang='lat' dir='ltr'>Campano</span> 
     </span>
     <span class='ocr_line' id='line_1_13' title="bbox 119 908 1412 962; baseline -0.004 -11"><span class='ocrx_word' id='word_1_98' title='bbox 119 912 343 962; x_wconf 85' lang='lat' dir='ltr'>inspectum</span> <span class='ocrx_word' id='word_1_99' title='bbox 375 923 483 962; x_wconf 89' lang='lat' dir='ltr'>esse,</span> <span class='ocrx_word' id='word_1_100' title='bbox 515 910 657 948; x_wconf 89' lang='lat' dir='ltr'>deinde</span> <span class='ocrx_word' id='word_1_101' title='bbox 687 922 760 959; x_wconf 84' lang='lat' dir='ltr'>per</span> <span class='ocrx_word' id='word_1_102' title='bbox 791 908 955 958; x_wconf 84' lang='lat' dir='ltr'>aliquod</span> <span class='ocrx_word' id='word_1_103' title='bbox 987 909 1147 958; x_wconf 76' lang='lat' dir='ltr'>tempus</span> <span class='ocrx_word' id='word_1_104' title='bbox 1180 919 1412 947; x_wconf 88' lang='lat' dir='ltr'>concessum</span> 
     </span>
     <span class='ocr_line' id='line_1_14' title="bbox 120 971 1414 1031; baseline -0.005 -15"><span class='ocrx_word' id='word_1_105' title='bbox 120 971 344 1031; x_wconf 78' lang='lat' dir='ltr'>Ugoleto*)</span> <span class='ocrx_word' id='word_1_106' title='bbox 376 988 545 1027; x_wconf 88' lang='lat' dir='ltr'>eumque</span> <span class='ocrx_word' id='word_1_107' title='bbox 578 976 660 1015; x_wconf 92' lang='lat' dir='ltr'>suis</span> <span class='ocrx_word' id='word_1_108' title='bbox 686 975 825 1014; x_wconf 88' lang='lat' dir='ltr'>usibus</span> <span class='ocrx_word' id='word_1_109' title='bbox 853 976 895 1013; x_wconf 84' lang='lat' dir='ltr'>et</span> <span class='ocrx_word' id='word_1_110' title='bbox 919 973 1220 1023; x_wconf 83' lang='lat' dir='ltr'>praeparandae</span> <span class='ocrx_word' id='word_1_111' title='bbox 1247 972 1414 1011; x_wconf 88' lang='lat' dir='ltr'>editioni</span> 
     </span>
     <span class='ocr_line' id='line_1_15' title="bbox 119 1037 1412 1092; baseline -0.004 -12"><span class='ocrx_word' id='word_1_112' title='bbox 119 1042 270 1081; x_wconf 86' lang='lat' dir='ltr'>librum</span> <span class='ocrx_word' id='word_1_113' title='bbox 289 1041 560 1092; x_wconf 83' lang='lat' dir='ltr'>descripsisse,</span> <span class='ocrx_word' id='word_1_114' title='bbox 580 1040 824 1090; x_wconf 91' lang='lat' dir='ltr'>descriptum</span> <span class='ocrx_word' id='word_1_115' title='bbox 845 1039 1022 1087; x_wconf 75' lang='lat' dir='ltr'>eleganti</span> <span class='ocrx_word' id='word_1_116' title='bbox 1037 1039 1237 1088; x_wconf 88' lang='lat' dir='ltr'>scriptura</span> <span class='ocrx_word' id='word_1_117' title='bbox 1250 1037 1412 1088; x_wconf 86' lang='lat' dir='ltr'>librum,</span> 
     </span>
     <span class='ocr_line' id='line_1_16' title="bbox 123 1103 1414 1155; baseline -0.004 -9"><span class='ocrx_word' id='word_1_118' title='bbox 123 1107 404 1146; x_wconf 87' lang='lat' dir='ltr'>Monacensem</span> <span class='ocrx_word' id='word_1_119' title='bbox 433 1108 615 1145; x_wconf 85' lang='lat' dir='ltr'>nostrum</span> <span class='ocrx_word' id='word_1_120' title='bbox 642 1106 687 1155; x_wconf 93' lang='lat' dir='ltr'>B,</span> <span class='ocrx_word' id='word_1_121' title='bbox 718 1105 868 1144; x_wconf 87' lang='lat' dir='ltr'>iterum</span> <span class='ocrx_word' id='word_1_122' title='bbox 899 1103 1208 1143; x_wconf 85' lang='lat' dir='ltr'>describendum</span> <span class='ocrx_word' id='word_1_123' title='bbox 1239 1115 1414 1151; x_wconf 84' lang='lat' dir='ltr'>curasse,</span> 
     </span>
     <span class='ocr_line' id='line_1_17' title="bbox 122 1166 1414 1223; baseline -0.005 -11"><span class='ocrx_word' id='word_1_124' title='bbox 122 1175 169 1212; x_wconf 78' lang='lat' dir='ltr'>ut</span> <span class='ocrx_word' id='word_1_125' title='bbox 206 1172 322 1211; x_wconf 86' lang='lat' dir='ltr'>fieret</span> <span class='ocrx_word' id='word_1_126' title='bbox 359 1166 658 1223; x_wconf 69' lang='lat' dir='ltr'>exemplum**)</span> <span class='ocrx_word' id='word_1_127' title='bbox 697 1170 847 1221; x_wconf 85' lang='lat' dir='ltr'>operis,</span> <span class='ocrx_word' id='word_1_128' title='bbox 887 1169 993 1220; x_wconf 91' lang='lat' dir='ltr'>quod</span> <span class='ocrx_word' id='word_1_129' title='bbox 1023 1180 1186 1219; x_wconf 87' lang='lat' dir='ltr'>pessum</span> <span class='ocrx_word' id='word_1_130' title='bbox 1217 1168 1276 1206; x_wconf 88' lang='lat' dir='ltr'>ire</span> <span class='ocrx_word' id='word_1_131' title='bbox 1308 1168 1414 1207; x_wconf 81' lang='lat' dir='ltr'>inter</span> 
     </span>
     <span class='ocr_line' id='line_1_18' title="bbox 122 1234 1413 1284; baseline -0.005 -6"><span class='ocrx_word' id='word_1_132' title='bbox 122 1251 262 1278; x_wconf 87' lang='lat' dir='ltr'>eorum</span> <span class='ocrx_word' id='word_1_133' title='bbox 298 1250 440 1277; x_wconf 88' lang='lat' dir='ltr'>manus</span> <span class='ocrx_word' id='word_1_134' title='bbox 478 1249 559 1276; x_wconf 92' lang='lat' dir='ltr'>non</span> <span class='ocrx_word' id='word_1_135' title='bbox 595 1238 700 1276; x_wconf 85' lang='lat' dir='ltr'>tanti</span> <span class='ocrx_word' id='word_1_136' title='bbox 737 1239 856 1277; x_wconf 86' lang='lat' dir='ltr'>esset.</span> <span class='ocrx_word' id='word_1_137' title='bbox 918 1235 1072 1274; x_wconf 89' lang='lat' dir='ltr'>Eodem</span> <span class='ocrx_word' id='word_1_138' title='bbox 1109 1234 1192 1273; x_wconf 90' lang='lat' dir='ltr'>fere</span> <span class='ocrx_word' id='word_1_139' title='bbox 1234 1236 1413 1284; x_wconf 83' lang='lat' dir='ltr'>tempore</span> 
     </span>
     <span class='ocr_line' id='line_1_19' title="bbox 95 1299 1414 1353; baseline -0.005 -10"><span class='ocrx_word' id='word_1_140' title='bbox 95 1302 247 1343; x_wconf 51' lang='lat' dir='ltr'>‘etiam</span> <span class='ocrx_word' id='word_1_141' title='bbox 290 1302 531 1353; x_wconf 75' lang='lat' dir='ltr'>chigianum</span> <span class='ocrx_word' id='word_1_142' title='bbox 575 1303 724 1341; x_wconf 89' lang='lat' dir='ltr'>librum</span> <span class='ocrx_word' id='word_1_143' title='bbox 769 1301 799 1341; x_wconf 88' lang='lat' dir='ltr'>C</span> <span class='ocrx_word' id='word_1_144' title='bbox 845 1315 894 1340; x_wconf 80' lang='lat' dir='ltr'>ex</span> <span class='ocrx_word' id='word_1_145' title='bbox 934 1301 1004 1340; x_wconf 93' lang='lat' dir='ltr'>illo</span> <span class='ocrx_word' id='word_1_146' title='bbox 1048 1301 1209 1339; x_wconf 85' lang='lat' dir='ltr'>vetusto</span> <span class='ocrx_word' id='word_1_147' title='bbox 1248 1299 1414 1338; x_wconf 86' lang='lat' dir='ltr'>Senensi</span> 
     </span>
    </p>
   </div>
   <div class='ocr_carea' id='block_1_3' title="bbox 125 1402 411 1407">
    <p class='ocr_par' dir='ltr' id='par_1_3' title="bbox 125 1402 411 1407">
     <span class='ocr_line' id='line_1_20' title="bbox 125 1402 411 1407; baseline 0 0"><span class='ocrx_word' id='word_1_148' title='bbox 125 1402 411 1407; x_wconf 95' lang='lat' dir='ltr'> </span> 
     </span>
    </p>
   </div>
   <div class='ocr_carea' id='block_1_4' title="bbox 125 1455 1416 1692">
    <p class='ocr_par' dir='ltr' id='par_1_4' title="bbox 125 1455 1416 1692">
     <span class='ocr_line' id='line_1_21' title="bbox 220 1455 1415 1504; baseline -0.003 -11"><span class='ocrx_word' id='word_1_149' title='bbox 220 1459 255 1504; x_wconf 67' lang='lat'>³¹³)</span> <span class='ocrx_word' id='word_1_150' title='bbox 283 1457 355 1500; x_wconf 86' lang='lat' dir='ltr'>Qui</span> <span class='ocrx_word' id='word_1_151' title='bbox 390 1457 548 1492; x_wconf 90' lang='lat' dir='ltr'>eundem</span> <span class='ocrx_word' id='word_1_152' title='bbox 579 1456 763 1502; x_wconf 82' lang='lat' dir='ltr'>Campani</span> <span class='ocrx_word' id='word_1_153' title='bbox 795 1458 833 1492; x_wconf 86' lang='lat' dir='ltr'>et</span> <span class='ocrx_word' id='word_1_154' title='bbox 863 1455 1016 1502; x_wconf 82' lang='lat' dir='ltr'>Ugoleti</span> <span class='ocrx_word' id='word_1_155' title='bbox 1048 1455 1187 1490; x_wconf 90' lang='lat' dir='ltr'>librum</span> <span class='ocrx_word' id='word_1_156' title='bbox 1219 1465 1301 1490; x_wconf 78' lang='lat' dir='ltr'>esse</span> <span class='ocrx_word' id='word_1_157' title='bbox 1331 1465 1415 1500; x_wconf 86' lang='lat' dir='ltr'>per-</span> 
     </span>
     <span class='ocr_line' id='line_1_22' title="bbox 125 1502 1415 1550; baseline -0.003 -9"><span class='ocrx_word' id='word_1_158' title='bbox 125 1506 284 1542; x_wconf 80' lang='lat' dir='ltr'>suadere</span> <span class='ocrx_word' id='word_1_159' title='bbox 316 1505 388 1540; x_wconf 83' lang='lat' dir='ltr'>sibi</span> <span class='ocrx_word' id='word_1_160' title='bbox 420 1516 497 1540; x_wconf 89' lang='lat' dir='ltr'>non</span> <span class='ocrx_word' id='word_1_161' title='bbox 527 1506 721 1550; x_wconf 81' lang='lat' dir='ltr'>poterunt,</span> <span class='ocrx_word' id='word_1_162' title='bbox 753 1503 935 1539; x_wconf 84' lang='lat' dir='ltr'>facillime</span> <span class='ocrx_word' id='word_1_163' title='bbox 960 1513 1157 1539; x_wconf 88' lang='lat' dir='ltr'>commune</span> <span class='ocrx_word' id='word_1_164' title='bbox 1182 1502 1332 1546; x_wconf 86' lang='lat' dir='ltr'>utrique</span> <span class='ocrx_word' id='word_1_165' title='bbox 1357 1514 1415 1537; x_wconf 89' lang='lat' dir='ltr'>ar·</span> 
     </span>
     <span class='ocr_line' id='line_1_23' title="bbox 127 1550 1416 1600; baseline -0.003 -12"><span class='ocrx_word' id='word_1_166' title='bbox 127 1554 330 1600; x_wconf 84' lang='lat' dir='ltr'>chetypum</span> <span class='ocrx_word' id='word_1_167' title='bbox 362 1552 521 1588; x_wconf 77' lang='lat' dir='ltr'>sument.</span> <span class='ocrx_word' id='word_1_168' title='bbox 572 1551 646 1587; x_wconf 86' lang='lat' dir='ltr'>Sed</span> <span class='ocrx_word' id='word_1_169' title='bbox 679 1564 726 1587; x_wconf 89' lang='lat' dir='ltr'>ne</span> <span class='ocrx_word' id='word_1_170' title='bbox 752 1551 847 1586; x_wconf 88' lang='lat' dir='ltr'>illud</span> <span class='ocrx_word' id='word_1_171' title='bbox 873 1550 1027 1596; x_wconf 82' lang='lat' dir='ltr'>quidem</span> <span class='ocrx_word' id='word_1_172' title='bbox 1053 1552 1159 1585; x_wconf 83' lang='lat' dir='ltr'>extra</span> <span class='ocrx_word' id='word_1_173' title='bbox 1184 1560 1416 1585; x_wconf 85' lang='lat' dir='ltr'>omnem·ra·</span> 
     </span>
     <span class='ocr_line' id='line_1_24' title="bbox 125 1597 1414 1646; baseline -0.003 -10"><span class='ocrx_word' id='word_1_174' title='bbox 125 1601 282 1646; x_wconf 75' lang='lat' dir='ltr'>tionem,</span> <span class='ocrx_word' id='word_1_175' title='bbox 302 1600 333 1635; x_wconf 87' lang='lat' dir='ltr'>si</span> <span class='ocrx_word' id='word_1_176' title='bbox 352 1599 436 1645; x_wconf 85' lang='lat' dir='ltr'>quis</span> <span class='ocrx_word' id='word_1_177' title='bbox 456 1599 585 1634; x_wconf 86' lang='lat' dir='ltr'>credat</span> <span class='ocrx_word' id='word_1_178' title='bbox 603 1599 739 1634; x_wconf 86' lang='lat' dir='ltr'>librum</span> <span class='ocrx_word' id='word_1_179' title='bbox 762 1598 915 1645; x_wconf 86' lang='lat' dir='ltr'>Ugoleti</span> <span class='ocrx_word' id='word_1_180' title='bbox 935 1608 980 1633; x_wconf 85' lang='lat' dir='ltr'>ex</span> <span class='ocrx_word' id='word_1_181' title='bbox 1001 1597 1269 1643; x_wconf 84' lang='lat' dir='ltr'>Campaniano,</span> <span class='ocrx_word' id='word_1_182' title='bbox 1293 1597 1414 1632; x_wconf 86' lang='lat' dir='ltr'>multo</span> 
     </span>
     <span class='ocr_line' id='line_1_25' title="bbox 125 1644 1412 1692; baseline -0.004 -8"><span class='ocrx_word' id='word_1_183' title='bbox 125 1649 284 1684; x_wconf 74' lang='lat' dir='ltr'>fortasse</span> <span class='ocrx_word' id='word_1_184' title='bbox 303 1649 390 1683; x_wconf 83' lang='lat' dir='ltr'>ante</span> <span class='ocrx_word' id='word_1_185' title='bbox 410 1658 523 1692; x_wconf 88' lang='lat' dir='ltr'>quam</span> <span class='ocrx_word' id='word_1_186' title='bbox 542 1647 805 1682; x_wconf 81' lang='lat' dir='ltr'>transferretur</span> <span class='ocrx_word' id='word_1_187' title='bbox 824 1645 863 1680; x_wconf 91' lang='lat' dir='ltr'>in</span> <span class='ocrx_word' id='word_1_188' title='bbox 882 1646 1045 1689; x_wconf 84' lang='lat' dir='ltr'>Italiam,</span> <span class='ocrx_word' id='word_1_189' title='bbox 1068 1656 1149 1681; x_wconf 84' lang='lat' dir='ltr'>esse</span> <span class='ocrx_word' id='word_1_190' title='bbox 1170 1644 1412 1690; x_wconf 83' lang='lat' dir='ltr'>descriptum.</span> 
     </span>
    </p>
   </div>
   <div class='ocr_carea' id='block_1_5' title="bbox 126 1715 1418 1907">
    <p class='ocr_par' dir='ltr' id='par_1_5' title="bbox 126 1715 1418 1858">
     <span class='ocr_line' id='line_1_26' title="bbox 126 1715 1415 1764; baseline -0.003 -9"><span class='ocrx_word' id='word_1_191' title='bbox 126 1719 310 1755; x_wconf 79' lang='lat' dir='ltr'>Tabulam</span> <span class='ocrx_word' id='word_1_192' title='bbox 334 1718 452 1764; x_wconf 86' lang='lat' dir='ltr'>igitur</span> <span class='ocrx_word' id='word_1_193' title='bbox 476 1717 724 1754; x_wconf 84' lang='lat' dir='ltr'>illustrandae</span> <span class='ocrx_word' id='word_1_194' title='bbox 748 1718 803 1753; x_wconf 90' lang='lat' dir='ltr'>rei</span> <span class='ocrx_word' id='word_1_195' title='bbox 877 1716 951 1753; x_wconf 87' lang='lat' dir='ltr'>Sed</span> <span class='ocrx_word' id='word_1_196' title='bbox 970 1728 1018 1752; x_wconf 91' lang='lat' dir='ltr'>ne</span> <span class='ocrx_word' id='word_1_197' title='bbox 1038 1717 1134 1752; x_wconf 81' lang='lat' dir='ltr'>tales</span> <span class='ocrx_word' id='word_1_198' title='bbox 1155 1715 1308 1762; x_wconf 86' lang='lat' dir='ltr'>quidem</span> <span class='ocrx_word' id='word_1_199' title='bbox 1322 1717 1415 1751; x_wconf 83' lang='lat' dir='ltr'>ima-</span> 
     </span>
     <span class='ocr_line' id='line_1_27' title="bbox 222 1763 1416 1812; baseline -0.003 -10"><span class='ocrx_word' id='word_1_200' title='bbox 222 1767 322 1802; x_wconf 83' lang='lat' dir='ltr'>hanc</span> <span class='ocrx_word' id='word_1_201' title='bbox 345 1777 555 1812; x_wconf 89' lang='lat' dir='ltr'>proponere</span> <span class='ocrx_word' id='word_1_202' title='bbox 579 1766 712 1801; x_wconf 80' lang='lat' dir='ltr'>velim:</span> <span class='ocrx_word' id='word_1_203' title='bbox 906 1765 1013 1810; x_wconf 85' lang='lat' dir='ltr'>gines</span> <span class='ocrx_word' id='word_1_204' title='bbox 1033 1764 1164 1809; x_wconf 90' lang='lat' dir='ltr'>utique</span> <span class='ocrx_word' id='word_1_205' title='bbox 1182 1764 1301 1799; x_wconf 84' lang='lat' dir='ltr'>falsae</span> <span class='ocrx_word' id='word_1_206' title='bbox 1320 1763 1416 1799; x_wconf 83' lang='lat' dir='ltr'>iudi-</span> 
     </span>
     <span class='ocr_line' id='line_1_28' title="bbox 910 1812 1418 1858; baseline -0.002 -10"><span class='ocrx_word' id='word_1_207' title='bbox 910 1813 1062 1857; x_wconf 80' lang='lat' dir='ltr'>candae,</span> <span class='ocrx_word' id='word_1_208' title='bbox 1078 1812 1208 1858; x_wconf 81' lang='lat' dir='ltr'>quales</span> <span class='ocrx_word' id='word_1_209' title='bbox 1223 1812 1295 1847; x_wconf 92' lang='lat' dir='ltr'>hae</span> <span class='ocrx_word' id='word_1_210' title='bbox 1311 1813 1418 1847; x_wconf 86' lang='lat' dir='ltr'>sunt:</span> 
     </span>
    </p>

    <p class='ocr_par' dir='ltr' id='par_1_6' title="bbox 226 1861 715 1907">
     <span class='ocr_line' id='line_1_29' title="bbox 226 1861 715 1907; baseline -0.004 -9"><span class='ocrx_word' id='word_1_211' title='bbox 226 1862 308 1898; x_wconf 90' lang='lat' dir='ltr'>cod.</span> <span class='ocrx_word' id='word_1_212' title='bbox 333 1861 422 1907; x_wconf 83' lang='lat' dir='ltr'>Agr.</span> <span class='ocrx_word' id='word_1_213' title='bbox 450 1861 579 1907; x_wconf 87' lang='lat' dir='ltr'>Camp.</span> <span class='ocrx_word' id='word_1_214' title='bbox 605 1861 715 1906; x_wconf 86' lang='lat' dir='ltr'>Ugol.</span> 
     </span>
    </p>
   </div>
   <div class='ocr_carea' id='block_1_6' title="bbox 183 1895 1419 2254">
    <p class='ocr_par' dir='ltr' id='par_1_7' title="bbox 183 1895 1419 2254">
     <span class='ocr_line' id='line_1_30' title="bbox 183 1895 1393 1990; baseline -0.005 -54"><span class='ocrx_word' id='word_1_215' title='bbox 183 1933 186 1936; x_wconf 18' lang='grc' dir='ltr'><em>Α</em></span> <span class='ocrx_word' id='word_1_216' title='bbox 224 1914 718 1990; x_wconf 37' lang='grc' dir='ltr'>ὴ-ηῖ--α</span> <span class='ocrx_word' id='word_1_217' title='bbox 910 1897 932 1987; x_wconf 87' lang='grc' dir='ltr'>1β</span> <span class='ocrx_word' id='word_1_218' title='bbox 1022 1935 1030 1957; x_wconf 44' lang='grc' dir='ltr'><strong>ι</strong></span> <span class='ocrx_word' id='word_1_219' title='bbox 1147 1895 1393 1987; x_wconf 66' lang='lat' dir='ltr'>Agr.{Camp.</span> 
     </span>
     <span class='ocr_line' id='line_1_31' title="bbox 393 2000 1352 2080; baseline -0.003 -16"><span class='ocrx_word' id='word_1_220' title='bbox 393 2001 554 2064; x_wconf 37' lang='lat' dir='ltr'>(Te-B</span> <span class='ocrx_word' id='word_1_221' title='bbox 618 2076 622 2080; x_wconf 72' lang='lat'><strong>.</strong></span> <span class='ocrx_word' id='word_1_222' title='bbox 647 2027 736 2073; x_wconf 86' lang='lat' dir='ltr'>Agr.</span> <span class='ocrx_word' id='word_1_223' title='bbox 758 2000 1069 2073; x_wconf 48' lang='lat' dir='ltr'>CamffgoL</span> <span class='ocrx_word' id='word_1_224' title='bbox 1170 2000 1352 2072; x_wconf 44' lang='grc' dir='ltr'>ης.</span> 
     </span>
     <span class='ocr_line' id='line_1_32' title="bbox 521 2077 1419 2158; baseline -0.001 0"><span class='ocrx_word' id='word_1_225' title='bbox 521 2078 547 2158; x_wconf 70' lang='lat' dir='ltr'>li</span> <span class='ocrx_word' id='word_1_226' title='bbox 742 2077 768 2158; x_wconf 69' lang='lat'>(¹3</span> <span class='ocrx_word' id='word_1_227' title='bbox 986 2078 1016 2157; x_wconf 83' lang='grc' dir='ltr'>ΒΙ</span> <span class='ocrx_word' id='word_1_228' title='bbox 1034 2123 1104 2158; x_wconf 73' lang='lat' dir='ltr'>etc.</span> <span class='ocrx_word' id='word_1_229' title='bbox 1298 2077 1328 2157; x_wconf 66' lang='lat'>1¹3</span> <span class='ocrx_word' id='word_1_230' title='bbox 1347 2122 1419 2158; x_wconf 76' lang='lat' dir='ltr'>etc-</span> 
     </span>
     <span class='ocr_line' id='line_1_33' title="bbox 525 2172 556 2254; baseline 0 0"><span class='ocrx_word' id='word_1_231' title='bbox 525 2172 556 2254; x_wconf 67' lang='lat' dir='ltr'>l&gt;</span> 
     </span>
    </p>
   </div>
   <div class='ocr_carea' id='block_1_7' title="bbox 203 2279 1256 2391">
    <p class='ocr_par' dir='ltr' id='par_1_8' title="bbox 203 2279 1256 2391">
     <span class='ocr_line' id='line_1_34' title="bbox 225 2279 1256 2336; baseline -0.001 -11"><span class='ocrx_word' id='word_1_232' title='bbox 225 2290 282 2335; x_wconf 82' lang='lat'>**)</span> <span class='ocrx_word' id='word_1_233' title='bbox 308 2290 416 2334; x_wconf 82' lang='lat' dir='ltr'>Quod</span> <span class='ocrx_word' id='word_1_234' title='bbox 441 2279 653 2336; x_wconf 58' lang='lat' dir='ltr'>enemplum</span> <span class='ocrx_word' id='word_1_235' title='bbox 680 2290 855 2327; x_wconf 79' lang='lat' dir='ltr'>editionis</span> <span class='ocrx_word' id='word_1_236' title='bbox 880 2290 993 2326; x_wconf 86' lang='lat' dir='ltr'>litera</span> <span class='ocrx_word' id='word_1_237' title='bbox 1018 2290 1043 2325; x_wconf 92' lang='lat' dir='ltr'>b</span> <span class='ocrx_word' id='word_1_238' title='bbox 1069 2290 1256 2325; x_wconf 81' lang='lat' dir='ltr'>notamus.</span> 
     </span>
     <span class='ocr_line' id='line_1_35' title="bbox 203 2348 1203 2391; baseline 0.001 -10"><span class='ocrx_word' id='word_1_239' title='bbox 203 2354 388 2387; x_wconf 68' lang='lat' dir='ltr'>Quintium</span> <span class='ocrx_word' id='word_1_240' title='bbox 407 2356 493 2391; x_wconf 65' lang='lat' dir='ltr'>deci,</span> <span class='ocrx_word' id='word_1_241' title='bbox 512 2356 558 2382; x_wconf 75' lang='lat' dir='ltr'>ed.</span> <span class='ocrx_word' id='word_1_242' title='bbox 577 2356 686 2383; x_wconf 76' lang='lat' dir='ltr'>Ritter.</span> <span class='ocrx_word' id='word_1_243' title='bbox 1177 2348 1203 2382; x_wconf 90' lang='lat' dir='ltr'>b</span> 
     </span>
    </p>
   </div>
  </div>
 </body>
</html>
