1604 2488
462 125 893 163 DECLAMATIONES.
920 125 1093 163 CCLXV.
1362 126 1387 168 8
1397 127 1417 168 1

127 240 227 296 plus
265 251 395 294 quam
434 235 658 278 dimidiam
690 238 860 291 partem
891 233 1145 292 patrimonii
1176 235 1420 290 relinquere

129 297 316 341 feminae
357 310 447 338 non
487 296 632 349 liceat,
677 309 772 337 cum
818 309 870 337 ex
906 294 997 337 illis
1034 295 1156 337 nulla
1197 294 1420 336 dimidiam

128 359 298 413 partem
331 355 556 410 acceperit.
604 355 692 397 sive
725 354 778 396 ad
809 356 946 397 totam
978 368 1057 396 nos
1092 368 1220 396 vocas
1247 368 1420 410 compu-

129 416 358 459 tationem:
403 413 515 456 nihil
551 414 752 468 interest,
795 417 1004 469 quantum
1046 413 1200 469 cuique
1232 413 1420 455 feminae

129 475 411 531 relinquatur.
475 472 615 523 Quid?
660 474 698 516 si
741 487 795 515 ne
833 474 944 515 ratio
989 473 1161 529 quidem
1203 474 1422 530 repugnat

134 535 298 591 scripto
331 536 376 576 et
405 533 549 576 verbis
581 533 690 589 legis
723 532 879 575 istius?
911 532 1013 588 quid
1045 533 1159 575 enim
1190 536 1320 587 putas
1346 547 1421 574 vo-

131 594 265 637 luisse
296 593 638 649 legislatorem,
671 606 766 635 eum
798 592 879 635 hoc
911 593 978 634 ius
1011 592 1324 635 constitueret?
1369 605 1422 633 ne

132 653 316 696 feminae
349 653 506 695 nimias
532 666 635 708 opes
661 651 945 707 possiderent,
976 666 1030 694 ne
1055 651 1254 707 potentia
1274 665 1423 693 earum

133 713 286 756 civitas
312 714 592 768 premeretur.
636 710 720 754 hoe
746 724 850 767 ergo
878 711 1083 753 adversus
1110 711 1303 768 singulas
1323 725 1423 753 con-

133 772 298 827 stituit,
337 775 380 814 et
419 771 474 813 ad
506 770 728 814 evitandas
768 785 872 826 opes
910 770 1169 813 feminarum
1202 770 1308 813 satis
1341 769 1423 811 hoc

133 830 397 888 quaesitum,
434 845 488 873 ne
526 830 601 872 uni
631 830 730 885 plus
769 844 898 885 quam
937 829 1116 872 dimidia
1156 844 1257 885 pars
1289 829 1423 884 patri-

135 890 271 934 monii
319 891 647 946 relinqueretur.
723 894 915 932 oeterum
966 888 1138 944 quidem
1186 888 1294 931 illud
1336 902 1425 930 non

135 952 341 993 caverunt
366 949 498 1005 legeS,
522 963 576 991 ne
602 948 748 1003 plures
774 948 960 990 feminae
988 948 1139 991 eodem
1158 950 1422 990 testamento

134 1009 442 1064 scriberentur3
487 1023 575 1051 non
613 1007 788 1050 hercule
826 1008 984 1064 magis,
1029 1022 1160 1063 quam
1206 1007 1335 1061 illud,
1371 1021 1424 1048 ne

132 1068 278 1124 plures
311 1067 575 1110 hereditates
607 1066 759 1109 iisdem
790 1066 964 1109 feminis
990 1067 1352 1123 relinquerentur.

665 1244 883 1289 GGva.

335 1329 657 1382 Ignominiosi
688 1328 910 1383 pulsator
941 1328 993 1370 in
1024 1327 1221 1382 templo.

136 1411 184 1456 SI
210 1423 316 1463 Qms
341 1425 390 1454 IN
418 1423 607 1455 TEMPLO
636 1423 855 1454 INIURIAM
875 1423 1093 1466 FECERIT,
1117 1421 1277 1453 DECEM
1295 1422 1428 1453 MILIA

255 1483 349 1515 DET
381 1483 440 1525 EI,
478 1482 555 1513 CUI
594 1482 811 1513 INIURIAM
842 1481 1065 1525 FECERIT,
1096 1481 1260 1513 DECEM
1292 1482 1428 1512 MILIA

1451 780 1494 812 10

1452 1077 1495 1108 15

255 1542 471 1573 CIVITATI.
503 1541 815 1573 IGNOMINIOSO
848 1542 909 1572 NE
943 1541 1014 1573 SIT
1048 1542 1190 1574 ACTIO
1223 1541 1424 1572 INIURIA-
1451 1538 1497 1570 20

255 1602 366 1633 RUM.
393 1589 577 1640 Quidam
598 1590 938 1645 ignominiosum
965 1590 1154 1644 pulsavit
1179 1590 1226 1631 in
1245 1589 1429 1644 temp103

256 1650 401 1692 decem
434 1649 555 1691 milia
579 1650 690 1705 petit
715 1649 1001 1705 magistratus
1028 1649 1203 1691 nomine
1225 1649 1430 1691 civitatis.

554 1778 1004 1823 DECLAMATIO.

226 1861 273 1905 Si
294 1862 433 1918 pudor
453 1862 814 1905 commendandus
836 1865 915 1917 est,
941 1862 1062 1904 ouius
1084 1861 1344 1904 difficillima
1363 1877 1429 1904 ra-

138 1922 202 1965 tio
235 1925 302 1964 est
331 1923 377 1963 in
409 1922 485 1963 lite
517 1922 785 1976 pecuniaria:
823 1936 912 1963 non
943 1922 1069 1964 nobis
1102 1921 1340 1976 litigamus,
1381 1936 1431 1964 ae
1455 1931 1501 1962 25

138 1995 191 2023 ne
228 1981 291 2023 rei
327 1980 529 2036 publicae
569 1980 742 2036 quidem
780 1983 824 2022 et
862 1980 1051 2023 civitatis
1090 1981 1268 2022 nomine
1311 1981 1431 2023 avari

139 2055 305 2096 sumus,
342 2042 386 2082 et
421 2039 527 2082 haec
569 2039 709 2082 omnis
750 2039 865 2082 aetio
904 2054 992 2083 non
1022 2043 1114 2082 tam
1146 2039 1256 2082 lueri
1288 2041 1431 2095 gratia

139 2102 182 2142 et
213 2098 503 2155 adquirendae
534 2098 662 2141 huius
696 2099 903 2154 pecuniae
930 2099 1171 2142 constituta
1197 2102 1275 2154 est,
1301 2114 1431 2155 quam

235 2231 256 2264 5
283 2226 374 2272 quid
401 2239 488 2263 sane
513 2230 540 2261 B
560 2229 571 2272 ll
592 2232 612 2263 6
640 2226 794 2272 scriptio
814 2229 868 2261 Aa
885 2228 896 2273 ΙΙ
917 2230 936 2262 7
957 2238 1024 2262 nec
1051 2226 1136 2262 fem.
1154 2230 1207 2262 Aa
1225 2228 1237 2273 11
1256 2231 1276 2263 8
1305 2238 1431 2263 earum

140 2285 207 2311 om,
233 2278 263 2309 A
293 2276 304 2320 ΙΙ
337 2279 381 2311 10
406 2275 578 2311 vitandas
604 2278 630 2308 B
656 2276 668 2320 Η
696 2279 738 2309 15
764 2273 908 2310 hisdem
934 2277 1044 2318 AaB,
1069 2275 1230 2311 hiisdem
1256 2278 1309 2309 Ab
1344 2277 1355 2321 Η
1389 2279 1431 2310 19

140 2321 247 2358 milia
270 2333 336 2358 om.
365 2325 395 2356 A
413 2323 424 2367 ΙΙ
445 2326 491 2358 24
516 2324 588 2357 rito
615 2325 669 2356 Aa

213 2388 399 2420 Quintiliani
419 2388 503 2421 decl„
524 2388 568 2413 ed,
589 2388 699 2413 Ritter.
1197 2385 1216 2416 6
