1604 2488
458 81 885 119 DECLAMATIONES.
921 80 1142 118 CCLXVIII.
1385 79 1442 122 95

151 208 242 237 non
280 193 572 236 necessariam
624 206 718 234 esse
760 190 1086 247 philosophiam
1131 192 1173 232 et
1220 189 1441 232 difficilem

150 251 405 296 electionem
449 266 544 294 esse
584 251 788 306 diximus3
832 253 961 306 atque
998 250 1112 291 inter
1149 249 1269 304 ipsos
1308 249 1441 291 etiam

148 312 379 368 plerosque
429 310 717 367 philosophos
762 312 934 352 constat
976 308 1049 351 vix
1091 323 1220 364 posse
1265 309 1441 364 percipi.

147 369 299 427 Neque
331 384 412 427 ego
444 371 616 427 ignoro,
649 384 743 412 esse
774 369 1002 424 quosdam,
1035 368 1108 424 qui
1139 370 1439 423 †quamquam

146 445 305 474 nomen
342 430 581 485 sapientiae
618 429 747 471 facile
786 431 914 484 atque
953 427 1076 470 avide
1116 426 1182 483 (ut
1226 427 1288 470 sic
1326 428 1439 469 dixe-

146 489 251 546 rim)
290 489 516 544 dedemnt,
565 492 712 531 tamen
755 488 964 543 quidam†
1003 487 1239 542 sapientem
1286 501 1337 529 ex
1376 487 1440 529 fa-

147 549 261 593 bulis
296 552 505 603 repetunt,
549 551 593 590 et
634 548 748 590 inter
796 562 888 602 eos,
933 547 1007 602 qui
1047 546 1323 601 studuerunt,
1368 546 1440 601 qui

148 609 494 663 elaboraverunt,
536 607 706 650 nullum
749 606 890 649 adhuc
931 607 1156 648 inventum
1200 620 1295 648 esse
1340 620 1440 648 con-

146 669 335 711 fitentur.
389 669 699 722 verumtamen,
730 669 779 708 ut
811 666 958 722 aliqua
990 666 1122 708 etiam
1153 665 1205 708 de
1236 666 1439 708 universo

148 727 395 783 loquamur:
435 728 531 782 quis
570 741 673 768 usus
705 726 901 781 ipsorum
933 724 1156 767 virorum?
1200 725 1439 767 militiaene

147 787 288 841 utiles,
315 801 372 828 an
397 786 596 828 civilibus
624 785 810 828 officiis?
837 784 939 841 quid
965 785 1008 826 in
1036 785 1105 826 his
1129 784 1438 839 deprehendas,

146 848 321 901 praeter
344 845 494 888 fictam
518 844 706 892 frontem
733 846 776 887 et
801 846 1057 899 perpetuum
1078 843 1216 886 otium
1237 846 1280 885 et
1306 858 1439 898 quan-

148 905 248 948 dam
280 919 332 948 ex
364 904 616 961 arrogantia
649 903 984 946 auctoritatem?
1035 902 1201 945 Verum
1235 903 1323 945 sint
1353 903 1440 945 ista

146 963 215 1019 (ut
245 961 420 1019 dicitur)
451 977 628 1020 magna:
662 977 743 1019 ego
774 963 882 1006 haec
913 962 968 1004 ad
996 962 1184 1005 formam
1210 963 1438 1017 legemque

146 1023 316 1079 paterni
346 1023 597 1066 testamenti
629 1036 748 1065 voco.
782 1022 884 1078 quid
914 1022 1082 1064 civitati
1106 1022 1319 1077 prosunt?
1353 1036 1439 1063 am-

146 1084 306 1139 putant
335 1081 471 1125 vitia?
513 1082 719 1124 nimirum
750 1096 878 1124 nemo
909 1082 1158 1124 luxuriosus
1191 1084 1274 1136 est,
1311 1095 1439 1123 nemo

145 1142 354 1198 pecuniae
385 1142 575 1196 cupidus.
615 1140 734 1183 Haec
767 1140 818 1183 de
850 1140 1113 1196 philosopho
1140 1141 1299 1183 dixisse
1332 1140 1439 1182 satis

153 1203 239 1244 est:
270 1203 540 1243 transeamus
573 1201 627 1242 ad
659 1202 888 1243 oratorem.

239 1259 378 1310 Quem
411 1260 617 1316 intellego
648 1259 808 1301 fiducia
839 1259 1113 1314 eloquentiae
1153 1258 1207 1301 ad
1232 1258 1345 1300 hanc
1372 1258 1439 1300 de-

150 1318 367 1362 scendisse
398 1333 585 1361 causam.
630 1319 816 1361 multum
850 1333 894 1360 se
925 1319 1071 1360 valere
1096 1319 1143 1360 in
1168 1317 1338 1360 iudiciis
1363 1332 1438 1372 pu-

148 1380 262 1432 tant3
299 1378 474 1433 rapiunt
514 1379 652 1420 malas
691 1377 923 1433 aliquando
962 1391 1127 1420 causas.
1190 1379 1233 1419 et
1266 1391 1369 1419 sane
1402 1377 1439 1418 si

147 1437 318 1480 iustitia
347 1437 511 1491 valeat,
549 1437 651 1493 quid
684 1439 750 1479 est
782 1436 1061 1492 eloquentia?
1113 1436 1214 1492 quid
1247 1450 1350 1492 ergo
1382 1436 1438 1478 ci-

148 1496 276 1539 vitati
307 1495 564 1539 conferunt?
601 1496 679 1538 illa
710 1496 825 1540 enim
859 1510 963 1538 sane
986 1496 1279 1538 remittamus:
1313 1509 1439 1538 omne

150 1556 264 1599 circa
295 1555 428 1598 verba
454 1555 644 1598 studium
671 1558 725 1610 et,
756 1570 854 1597 cum
879 1570 1023 1597 rerum
1046 1557 1204 1597 natura
1228 1554 1438 1597 beneficio

152 1629 229 1658 suo
260 1615 324 1657 ita
353 1614 549 1657 homines
582 1615 854 1670 instruxerit,
885 1617 934 1656 ut
964 1614 1084 1656 nulla
1114 1629 1184 1657 res
1214 1629 1304 1656 non
1334 1628 1438 1656 voce

150 1673 398 1730 explicetur,
429 1688 742 1729 supervacuum
774 1674 989 1730 quendam
1020 1674 1067 1716 in
1095 1673 1346 1716 exornando
1379 1673 1438 1715 la—

147 1859 188 1884 sa
214 1806 262 1884 ie1
277 1812 369 1885 ἕξεις
394 1812 462 1883 {⁹⁷}
487 1805 514 1836 B
551 1804 564 1848 ΙΙ
600 1802 678 1884 diff.
706 1813 787 1885 θεεξ
814 1803 1017 1884 elcosthlljl
1049 1807 1069 1838 3
1095 1803 1349 1885 QuzesquoeAg
1376 1803 1389 1846 ΙΙ
1415 1805 1435 1837 6

145 1895 170 1932 f.
188 1851 749 1942 {einpu.mtunc’Bc,orZ:-orr.egellis
773 1899 785 1943 ΙΙ
811 1860 1259 1943 ἓΞ-ὃᾶΐιειιῑῑῖἓῃῖἒξίᾶαηῑὲῗ
1281 1898 1309 1933 t.
1336 1861 1437 1932 idel-l

147 1943 214 1986 Gr,
238 1945 302 1988 qui
326 1946 520 1989 tamquam
546 1954 682 1980 nomen
708 1955 735 1979 S.
763 1946 789 1979 f.
817 1955 849 1981 a.
871 1956 903 1981 a.
923 1957 959 1979 u.
981 1956 1008 1980 s.
1030 1945 1064 1979 d.
1087 1944 1279 1987 dederunt,
1309 1946 1437 1980 tamen

147 1990 301 2044 quidam
326 1991 535 2037 sapientem
561 1995 622 2027 etc.
642 1991 714 2035 Ro,
740 1991 829 2036 *qui
854 2002 1083 2037 quamquam
1107 2002 1206 2026 nom.
1235 2002 1312 2037 sap.
1332 1990 1436 2038 <stu-

147 2038 407 2093 dmsosorum)
430 2038 501 2074 fac.
527 2050 561 2074 a.
587 2050 619 2094 a.
641 2051 676 2074 u.
698 2051 726 2073 s.
747 2038 781 2074 d.
804 2038 900 2084 ded„
924 2040 1052 2075 tamen
1076 2039 1181 2092 idem
1203 2039 1271 2093 §vel
1295 2038 1435 2084 ipsum)

146 2085 635 2179 rpffirffffztgassafa·
653 2085 1100 2180 „412032515152'213
1118 2137 1363 2169 m
1374 2088 1436 2169 '¹122

145 2179 221 2215 lux.
246 2183 294 2224 A,
319 2180 496 2215 nimirum
521 2181 595 2215 lux.
621 2183 648 2214 B
680 2181 692 2225 ΙΙ
726 2183 768 2215 18
795 2179 1081 2226 vituperatio
1109 2181 1343 2216 oratoriae
1369 2184 1400 2215 Δ
1426 2183 1437 2226 Η

149 2229 194 2261 20
218 2229 329 2272 putat
352 2230 379 2261 B
398 2229 411 2273 n
430 2231 474 2262 22
495 2228 586 2272 quid
607 2229 666 2263 est
685 2227 902 2272 eloquentia
921 2239 987 2264 om.
1003 2231 1041 2272 B,
1069 2241 1128 2274 qu.
1150 2228 1200 2264 sit
1219 2228 1264 2264 el.
1281 2228 1340 2263 Ro
1360 2230 1371 2274 ΙΙ
1391 2232 1435 2263 26

149 2273 360 2309 exhorando
386 2278 432 2318 A,
459 2275 647 2310 exorando
672 2277 748 2319 Bc,
774 2286 865 2311 corr.
892 2275 1085 2312 Leidensis
1109 2277 1161 2311 ed.

1467 735 1510 767 10

1467 1032 1510 1063 15

1464 1327 1510 1359 20

1465 1623 1509 1655 25
