1586 2476
452 110 880 149 DEOLAMATIONES.
907 109 1060 146 coLIV.
1351 108 1408 151 39

542 218 991 263 DECLAMATIO.
1400 172 1422 190 ⁸

209 279 256 324 Si
274 283 351 324 aut
375 281 518 323 minus
537 280 804 323 verecundus
830 281 945 322 esset
964 279 1013 334 is,
1033 292 1162 334 quem
1181 278 1410 334 rogatione

118 355 215 384 mea
247 341 436 383 retinere
466 340 513 382 in
544 340 718 383 civitate
749 338 978 391 constitui,
1017 341 1094 381 aut
1125 337 1282 380 iudicia
1313 337 1409 380 feli-

114 400 208 444 cius
239 402 458 455 expertus:
494 399 603 442 nihil
637 399 849 453 contione,
879 398 989 440 nihil
1021 397 1267 453 conscripto
1300 411 1408 451 meo,

116 459 228 502 nihil
265 459 449 515 denique
487 473 620 516 opera
654 457 896 514 rogationis
937 472 1045 514 opus
1078 459 1206 499 esset.
1267 457 1409 512 prima
1435 467 1455 497 5

119 518 256 574 igitur
292 533 438 562 carere
474 519 556 561 hac
593 518 755 561 invidia
791 517 862 560 vel
893 519 1074 573 propter
1105 516 1188 559 hoc
1219 531 1410 572 possum,

117 578 323 628 Quirites.
366 592 495 621 nemo
521 578 635 620 enim
666 577 906 631 crediderit,
938 591 1007 619 me
1037 579 1244 633 rogatum
1276 576 1331 619 ab
1358 590 1409 618 eo

117 637 174 680 ad
205 651 284 680 vos
315 637 594 694 processisse,
634 637 711 693 qui
747 638 841 693 ipse
886 638 936 678 ut
975 638 1198 678 remaneat
1228 650 1316 678 non
1348 635 1410 677 la-

117 697 256 740 borat.
317 696 483 740 Verum
519 697 594 739 ille
632 696 805 752 quidem
842 696 1023 748 multas,
1068 698 1198 751 atque
1238 695 1410 738 utinam

117 756 260 799 minus
291 759 503 812 potentes,
537 756 666 799 huius
698 755 911 811 propositi
943 755 1010 797 sui
1043 769 1198 798 causas
1228 754 1409 797 habeat:

116 829 200 873 ego
226 819 399 871 praeter
423 819 567 859 cetera
591 819 768 871 propter
792 815 875 857 hoc
898 828 1067 870 quoque
1089 829 1187 856 eum
1207 814 1409 858 existimo

116 889 213 918 esse
238 875 524 930 retinendum,
549 875 664 931 quod
689 874 970 918 manifestum
987 874 1104 924 fecit,
1130 874 1184 916 ad
1202 874 1410 917 indicium

117 934 360 990 tyrannidis
387 934 629 977 adfectatae
656 934 826 977 venisse
850 948 938 976 non
962 933 1214 976 remanendi
1246 933 1410 989 cupidi-

115 995 221 1036 tate.
266 993 380 1049 quod
405 993 492 1036 nisi
516 993 865 1037 vetustissimum
883 993 964 1048 ius,
990 992 1195 1047 Quirites,
1219 1006 1306 1047 eos,
1338 993 1411 1048 qui

112 1055 285 1096 secreta
323 1052 379 1095 ad
421 1067 515 1095 rem
557 1052 778 1109 publicam
827 1052 1092 1108 pertinentia
1134 1052 1411 1106 indicassent,

116 1126 339 1155 remanere
378 1113 425 1155 in
467 1113 644 1156 civitate
688 1113 907 1155 iussisset:
956 1111 1143 1154 forsitan
1183 1112 1410 1155 dicendum

119 1170 229 1214 mihi
251 1172 497 1214 necessario
524 1172 830 1226 existimarem,
855 1186 940 1227 qua
965 1171 1110 1227 gratia
1134 1171 1206 1214 hic
1223 1186 1412 1227 pressus,

118 1231 277 1286 quibus
307 1231 546 1274 inimicitiis
576 1232 624 1274 in
655 1232 831 1274 exilium
863 1234 979 1274 esset
1010 1234 1145 1275 actus.
1201 1231 1277 1273 sed
1308 1230 1412 1286 quid

117 1303 295 1333 necesse
327 1294 394 1333 est
425 1294 620 1347 repetere
650 1291 771 1346 haec,
802 1305 914 1346 quae
938 1290 1126 1333 videtis?
1161 1293 1205 1333 et
1224 1290 1338 1346 quod
1358 1290 1411 1332 ad

118 1348 312 1391 animum
343 1350 517 1406 quidem
547 1351 668 1393 illius
700 1350 908 1406 pertinet,
946 1350 1053 1392 satis
1084 1350 1210 1392 vobis
1242 1352 1326 1404 est,
1362 1353 1412 1391 ut

121 1408 344 1463 existimo,
392 1409 620 1464 probatus:
676 1409 790 1464 quod
846 1424 1109 1464 quamquam
1167 1409 1411 1463 damnatus,

121 1481 384 1522 quamquam
415 1468 462 1510 in
493 1469 671 1511 exilium
697 1471 829 1524 actus,
860 1468 1125 1524 reipublicae
1152 1471 1301 1511 tamen
1325 1483 1413 1511 non

123 1526 268 1582 potuit
298 1527 446 1569 irasci:
472 1527 677 1570 indicium
707 1528 929 1583 professus
961 1531 1038 1571 est.
1088 1527 1322 1570 viderimus
1356 1542 1411 1570 an

122 1600 292 1628 verum:
323 1587 498 1629 interim
522 1590 669 1630 tamen
688 1587 797 1629 nihil
817 1601 916 1629 eum
934 1587 1112 1630 finxisse
1131 1587 1412 1630 manifestum

120 1647 206 1697 est,
244 1645 359 1701 quod
400 1646 650 1702 persuaderi
691 1650 783 1689 tam
830 1646 983 1689 multis
1021 1647 1170 1702 utique
1207 1648 1411 1702 potuerit.

120 1718 297 1747 causam
323 1720 409 1761 qua
439 1706 690 1749 condicione
720 1706 879 1748 dixerit
906 1705 1149 1761 damnatus,
1174 1707 1287 1762 exul,
1311 1721 1410 1750 con-

118 1766 188 1806 tra
223 1767 468 1820 potentem,
506 1768 660 1808 contra
697 1766 962 1821 gratiosum,
998 1766 1100 1821 quid
1137 1780 1312 1809 necesse
1345 1770 1410 1809 est

117 1822 191 1866 diu
234 1823 392 1878 dicere,
436 1825 608 1880 quando
646 1825 684 1868 is
722 1825 864 1868 exitus
902 1825 1049 1867 iudicii
1086 1825 1186 1881 fuit,
1230 1829 1278 1869 ut
1321 1840 1410 1869 non

116 1882 265 1938 plures
297 1885 538 1926 sententiae
568 1899 648 1940 pro
681 1884 927 1927 adversario
957 1884 1150 1927 fuerint?
1181 1901 1270 1928 non
1296 1886 1410 1928 enim

119 1955 249 1984 causa
281 1942 420 1986 victus
452 1946 539 1999 est,
571 1944 646 1986 sed
676 1944 867 2000 legibus,
899 1945 975 1987 sed
1004 1945 1180 2000 publica
1211 1945 1410 1988 humani-

118 2003 224 2045 tate.
254 2016 363 2057 quae
395 2003 568 2058 quidem
598 2003 695 2058 ipsa
726 2017 795 2045 me
821 2003 868 2045 in
887 2003 970 2047 hoc
996 2004 1228 2047 exhortata
1254 2008 1331 2060 est,
1362 2008 1410 2048 ut

116 2060 389 2116 rogationem
426 2062 482 2104 ad
513 2077 590 2105 vos
623 2062 674 2104 de
706 2062 933 2106 retinendo
966 2063 1057 2106 cive
1089 2063 1246 2106 serrem
1277 2065 1324 2107 in
1355 2066 1409 2107 ei—

117 2120 252 2163 vitate
281 2123 373 2163 tam
405 2121 696 2164 misericorde.

214 2193 237 2224 4
262 2189 402 2235 scripto
426 2193 453 2224 B
474 2192 485 2236 ΙΙ
506 2194 526 2225 5
552 2190 781 2236 operationis
807 2202 886 2237 rog.
904 2195 935 2226 A
953 2192 964 2237 Η
985 2191 1150 2237 primum
1165 2193 1216 2228 Pi
1233 2195 1245 2239 Η
1266 2197 1286 2229 6
1312 2194 1407 2229 hanc

118 2237 175 2289 Aa
191 2237 205 2282 ΙΙ
224 2240 243 2271 ’1
276 2237 396 2273 habeo
421 2241 453 2272 Δ
477 2241 489 2284 ΙΙ
518 2242 561 2274 16
587 2238 626 2273 in
654 2237 807 2274 civitate
833 2250 898 2275 om.
926 2243 980 2274 Aa
1005 2241 1015 2284 ΙΙ
1042 2243 1087 2275 24
1114 2241 1235 2276 virum
1259 2244 1314 2275 Aa.
1333 2243 1344 2286 {l
1364 2244 1408 2276 28

120 2282 180 2317 his
206 2286 236 2317 A
253 2285 266 2328 ΙΙ
285 2288 331 2319 30
358 2295 509 2321 causam
533 2289 587 2320 Aa
605 2287 617 2331 1}
636 2285 727 2321 iust’
754 2288 781 2319 B
807 2286 819 2331 ΙΙ
845 2290 985 2322 31—33
1013 2298 1108 2331 quae
1134 2300 1169 2332 q.
1195 2289 1219 2323 i.
1247 2301 1295 2324 m.
1322 2289 1344 2324 i.
1373 2288 1408 2325 h.

120 2339 152 2364 e.
179 2340 210 2366 e.
235 2342 272 2367 u.
297 2343 326 2367 r.
353 2342 384 2367 a.
413 2344 445 2367 v.
474 2332 508 2368 d.
536 2345 563 2368 r.
591 2344 621 2368 c.
648 2333 674 2369 f.
695 2332 718 2368 i.
742 2332 894 2369 civitate
921 2345 988 2371 om.
1009 2338 1062 2368 Aa

1439 765 1481 796 10

1439 1063 1482 1094 15

1437 1360 1483 1392 20

1439 1658 1482 1689 25

1437 1956 1482 1987 30
