1604 2488
208 764 251 795 10

209 1053 251 1085 15

207 1344 252 1375 20

209 1634 252 1665 25

274 122 359 165 236
737 124 1037 166 QUINTILIANI

274 230 495 285 rogabitur
526 230 708 284 artibus,
740 231 813 273 sed
843 231 1040 286 loquetur
1072 246 1143 274 ore
1174 234 1328 275 vestro.
1370 235 1419 275 tu
1448 233 1535 275 for-

276 288 405 342 sitan,
443 302 538 329 cum
575 289 776 331 miserum
817 292 984 343 patrem
1027 290 1274 345 trucidares,
1309 291 1534 333 tollentem

276 346 327 387 ad
366 345 505 388 sidera
534 360 684 388 manus
710 347 857 389 risisti.
918 348 1042 390 inane
1072 348 1153 390 hoc
1183 363 1311 404 supra
1349 363 1428 391 nos
1465 363 1535 391 va-

276 418 484 458 cuumque
521 418 621 446 cura
658 405 903 447 caelestium
933 406 1128 460 putabas.
1189 409 1289 449 sunt
1317 407 1394 451 illa
1422 421 1537 461 vera,

278 476 385 516 quae
406 464 593 504 extremo
619 463 765 505 miseri
791 463 946 518 spiritu
971 464 1392 507 dicebanturxmabis
1417 465 1537 518 mihi,

278 520 500 574 scelerate,
535 535 713 575 poenas3
750 535 979 576 persequar
1019 522 1268 577 quandoque
1309 525 1353 564 et
1395 537 1536 565 occur-

277 592 411 619 ram«.
455 582 498 620 et
524 579 636 633 quod
662 579 715 620 ad
739 593 806 621 me
832 580 1002 634 quidem
1027 580 1222 635 pertinet,
1251 579 1423 635 iudices,
1451 594 1539 622 non

278 636 407 678 aliam
437 636 564 682 huius
593 637 829 679 dementiae
854 640 999 692 putem
1022 638 1154 680 fuisse
1178 639 1399 693 rationem,
1431 652 1537 693 quae

278 694 419 748 coepit
447 698 547 748 post
574 695 900 738 absolutionem.
942 710 1020 737 nec
1043 699 1188 738 tamen
1211 696 1286 738 illa
1302 696 1410 738 mihi
1428 710 1539 738 vana

278 753 541 806 quorundam
590 753 758 794 videtur
807 768 898 795 esse
946 755 1182 808 persuasio,
1231 754 1303 809 qui
1351 754 1539 808 credunt,

277 824 364 851 non
402 811 660 853 extrinsecus
698 811 776 853 has
806 812 941 854 furias
978 812 1123 854 venire
1158 825 1236 854 nec
1270 812 1399 854 ullius
1442 812 1538 853 deo-

277 882 371 910 rum
403 869 575 923 inpulsu
608 869 718 912 hanc
749 870 1006 912 mortalibus
1038 870 1235 912 incidisse
1267 869 1539 924 dementiam,

278 926 350 967 sed
380 927 497 969 nasci
528 928 667 969 intus:
708 928 1008 970 conscientiam
1040 942 1148 982 esse,
1187 942 1294 982 quae
1323 930 1539 983 torqueat3

278 985 466 1026 animum
498 999 602 1036 esse,
634 986 705 1040 qui
735 989 843 1027 urat.
890 986 1045 1027 iterum
1077 986 1280 1040 gratulor.
1316 986 1423 1027 bene
1447 985 1540 1026 her-

277 1042 367 1083 cule
405 1042 568 1085 factum
606 1047 687 1098 est,
724 1044 836 1098 quod
874 1044 1042 1085 etiamsi
1074 1057 1218 1085 omnes
1249 1043 1539 1095 fefellerimus,

277 1099 461 1154 effugere
503 1115 590 1142 non
631 1115 856 1155 possumus
898 1115 988 1143 nos.
1059 1102 1119 1143 ite
1161 1114 1272 1143 nunc
1322 1104 1365 1143 et
1413 1101 1540 1142 dicite

276 1158 471 1211 „demens
503 1161 608 1213 erat,
640 1173 735 1200 cum
767 1159 987 1202 confessus
1018 1159 1118 1201 est“.
1162 1161 1206 1200 at
1236 1159 1343 1200 mihi
1373 1158 1541 1200 videtur

278 1216 450 1257 demens
481 1216 625 1271 fuisse,
656 1230 751 1258 cum
777 1217 940 1259 occidit.
987 1229 1088 1270 ergo
1117 1216 1411 1272 quodcumque
1435 1215 1541 1258 illud

277 1274 434 1316 furoris
474 1288 625 1330 genus,
665 1278 738 1316 aut
776 1289 914 1330 poena
950 1289 975 1315 a
1006 1274 1087 1316 diis
1118 1274 1415 1316 inmortalibus
1445 1287 1541 1316 con-

278 1332 432 1374 stituta
475 1335 550 1374 aut
592 1332 801 1375 confessio
842 1332 1047 1387 quaedam
1082 1332 1274 1374 nocentis
1311 1332 1443 1374 animi
1479 1332 1540 1373 vi-

278 1390 497 1444 d[er]etur.
534 1389 767 1432 Videamus
796 1393 955 1445 tamen,
986 1390 1197 1445 quomodo
1228 1389 1462 1432 insanierit.
1506 1389 1542 1431 si

277 1463 353 1502 per
383 1449 635 1503 praecipitia
666 1449 867 1503 ferretur,
904 1449 1102 1502 dicerem,
1140 1449 1231 1503 agit
1260 1448 1412 1503 aliquis
1443 1447 1540 1489 deo-

277 1521 390 1559 rum3
416 1507 452 1548 si
478 1507 523 1548 in
550 1507 696 1549 obvios
722 1508 973 1560 incurreret,
999 1507 1192 1559 dicerem,
1216 1506 1390 1548 ultionis
1417 1519 1541 1560 quae-

277 1564 388 1606 ritur
438 1565 628 1606 materia.
698 1579 810 1607 nunc
860 1579 940 1607 vox
989 1579 1091 1619 una,
1152 1578 1236 1606 vox
1289 1563 1436 1607 eadem
1486 1563 1539 1605 ad

278 1622 438 1663 iudices
491 1626 534 1664 et
576 1637 651 1676 per
687 1626 824 1665 totam
862 1624 1098 1676 civitatem,
1159 1635 1266 1675 »ego
1303 1625 1364 1676 te,
1407 1623 1540 1676 pater,

279 1680 454 1722 occidi«
513 1681 743 1731 ssinvenire
781 1681 908 1722 liceat
952 1681 1052 1735 quid
1096 1680 1258 1722 factum
1301 1680 1360 1722 sit
1372 1680 1416 1730 †:
1455 1693 1541 1720 non

279 1740 344 1780 est
375 1738 597 1780 dementia.
638 1752 746 1793 »ego
778 1743 834 1793 te,
865 1741 997 1792 pater,
1030 1737 1256 1791 occi<di>«.
1286 1737 1367 1779 hoc
1396 1737 1434 1778 si
1465 1750 1540 1777 vos

278 1796 463 1838 furorem
504 1797 686 1851 vocatis,
731 1796 842 1838 idem
883 1811 983 1850 pars
1025 1795 1131 1837 dixit
1169 1794 1366 1837 iudicum.
1430 1794 1541 1835 nihil

1047 1909 1091 1919 “a

372 1949 392 1980 2
423 1944 574 1980 fratrem
606 1948 635 1978 A
665 1947 677 1990 ΙΙ
707 1949 727 1980 3
759 1946 828 1980 hae
847 1947 876 1978 Δ
906 1945 918 1989 ΙΙ
949 1947 970 1979 5
1001 1955 1079 1989 spm
1111 1947 1141 1978 Δ
1171 1946 1183 1989 ll
1213 1946 1303 1979 8—9
1330 1954 1424 1987 quae
1450 1954 1478 1978 c.
1484 1954 1539 2022 Bp.

278 1991 547 2027 absolutionem
581 2002 647 2027 om.
673 1994 725 2026 Aa
755 1993 767 2036 ΙΙ
800 1995 840 2026 11
868 1991 965 2025 ullus
989 1993 1041 2024 Aa.
1071 1991 1083 2034 η
1114 1994 1157 2025 13
1184 1990 1247 2026 sed
1270 2000 1337 2024 nos
1361 1989 1510 2024 intusB
1529 1988 1543 2034 Η

280 2042 323 2074 14
354 2038 454 2073 iurat
478 2041 540 2071 ΔΒ
566 2039 578 2082 ΙΙ
605 2041 648 2073 15
674 2038 839 2074 homines
864 2040 916 2071 Δει
940 2039 952 2081 ΙΙ
977 2041 1020 2071 21
1047 2037 1268 2082 vid[er]etur
1291 2035 1361 2071 Seh
1378 2037 1390 2080 ΙΙ
1407 2035 1540 2070 insani-

277 2086 382 2120 verat
404 2088 430 2118 Β
462 2086 474 2129 ΙΙ
505 2088 548 2119 22
573 2084 751 2120 sereretur
774 2087 801 2118 B
831 2086 843 2128 Ι]
873 2083 952 2129 agit
977 2094 1040 2118 om.
1067 2086 1092 2116 1²
1117 2084 1129 2127 ΙΙ
1160 2087 1204 2118 23
1231 2082 1438 2118 occurreret
1461 2082 1538 2123 ΔΒ,

278 2142 369 2167 corr.
395 2131 471 2167 Lat
488 2133 499 2176 ΙΙ
518 2134 563 2166 24
588 2130 673 2184 voit]
700 2142 766 2166 vos
792 2131 846 2166 bis
870 2133 896 2164 Β
921 2131 933 2174 ΙΙ
958 2133 1046 2165 25-
1052 2133 1096 2164 26
1122 2140 1187 2174 per
1217 2129 1286 2164 tot.
1318 2126 1417 2164 civit.
1449 2139 1479 2163 e.
1512 2128 1538 2162 t

277 2190 312 2223 p.
340 2177 468 2213 occidi.
517 2177 588 2213 hoe
615 2177 645 2211 si
669 2187 735 2213 vos
760 2178 899 2212 omissis
923 2177 1071 2221 reliquis
1093 2177 1179 2209 ΔιΒ
1203 2175 1216 2218 n
1241 2178 1285 2210 26
1310 2174 1471 2210 invenire
1496 2173 1539 2208 li-

279 2225 360 2259 ccat
385 2227 446 2267 qui
470 2223 508 2258 id
533 2223 672 2258 factum
703 2222 768 2259 sit:
795 2227 856 2259 ete.
882 2222 941 2258 Ro
964 2225 975 2267 ΙΙ
1000 2226 1043 2258 27
1070 2220 1241 2268 occi<di>
1268 2221 1318 2255 Pi
1339 2222 1352 2265 ΙΙ
1377 2223 1422 2256 28
1447 2219 1541 2254 dixit

277 2281 362 2316 pars
386 2273 413 2304 Β
438 2271 450 2314 ΙΙ
468 2270 643 2305 iudicium
662 2273 748 2304 ΔιΒ
