1578 2470
173 955 215 986 10

173 1267 215 1298 15

168 1627 214 1658 20

237 84 325 126 432
718 86 831 129 QUIN
837 87 1019 122 TILIANI

238 193 383 244 potest
419 192 577 233 vivere:
619 192 700 234 hoc
744 196 809 234 est
846 193 991 234 miseri
1026 194 1191 236 iuvenis
1229 195 1496 237 amatorium.

240 250 283 289 et
323 249 399 290 illo
442 250 535 292 loco
575 250 778 304 dicemus,
815 264 901 292 non
942 265 1066 305 posse
1110 251 1230 294 illum
1271 252 1496 307 aliquando

240 306 441 348 damnum
474 309 648 363 sentire,
685 308 756 363 qui
794 308 912 350 nullo
945 309 1090 351 labore
1119 311 1262 352 tantos
1293 314 1494 366 quaestus

238 363 381 406 faciat.
434 365 706 408 invidendum
738 366 819 417 illi,
852 366 936 407 nisi
967 367 1064 409 leno
1097 370 1219 410 esset.

682 526 1054 572 GCGLXXXVI.

565 608 839 659 Iphicrates
870 619 974 651 cum
1006 609 1180 661 gladio.

239 699 352 742 Reus
385 703 449 742 est
481 700 736 755 Iphicrates,
767 702 879 756 quod
910 703 997 744 vim
1027 703 1184 746 iudicio
1210 703 1370 758 fecerit,
1401 718 1495 745 cum

357 757 496 813 Cotyn
543 759 753 800 Thracum
797 773 940 814 regem
983 761 1028 802 in
1071 761 1114 802 id
1163 761 1407 803 adduxisset
1453 764 1497 802 et

359 817 503 872 gladio
536 817 698 858 cinctus
730 818 820 871 ipse
851 819 1050 861 venisset.

649 944 1090 987 DECLAMATIO.

326 1024 427 1066 Non
458 1025 633 1066 tulimus
659 1026 855 1080 tabellas,
887 1026 959 1067 sed
983 1026 1195 1080 fugientes
1220 1026 1497 1081 proiecimus3

238 1097 325 1124 non
368 1082 528 1124 iudices
571 1097 691 1124 reum
735 1084 1030 1138 absolverunt,
1073 1084 1145 1126 sed
1187 1099 1283 1126 reus
1326 1084 1496 1127 iudices.

240 1141 342 1195 quid
373 1144 438 1182 esh
468 1140 562 1182 vis?
610 1141 714 1182 haec
745 1141 794 1182 fit
826 1142 931 1183 alias
963 1142 1188 1196 pacientia,
1227 1142 1333 1185 alias
1354 1144 1497 1197 v.me†‚u;

241 1213 423 1252 quorum
467 1199 647 1240 alterum
691 1199 743 1240 ad
788 1213 956 1254 corpus,
1000 1200 1182 1241 alkerum
1220 1199 1273 1240 ad
1311 1200 1498 1242 animum

240 1257 437 1311 pertinet.
487 1257 523 1298 si
555 1257 663 1298 male
694 1256 928 1298 iudicatum
960 1260 1036 1311 esh,
1065 1257 1149 1299 fuit
1180 1257 1352 1312 aliquid,
1385 1257 1498 1312 quod

239 1314 365 1356 iudex
402 1315 586 1357 timeret.
646 1315 726 1356 hoc
765 1315 825 1356 sic
856 1315 1008 1369 probo:
1053 1315 1190 1370 qualis
1221 1316 1267 1357 in
1295 1315 1499 1357 iudicium

240 1372 388 1414 venis?
450 1386 528 1428 ego
569 1373 690 1414 illum
729 1372 924 1414 habiizum
964 1388 1131 1415 reorum
1171 1382 1383 1415 noveram.
1444 1373 1497 1414 ad

242 1445 468 1485 summam,
511 1430 552 1471 id
591 1431 730 1473 solent
766 1432 826 1472 rei
864 1447 888 1473 a
931 1431 1140 1473 iudicibus
1180 1434 1341 1486 petere,
1385 1431 1496 1486 quod

240 1503 376 1542 nuper
408 1489 567 1530 iudices
599 1489 758 1543 petiere
791 1504 815 1530 a
845 1503 930 1543 reo,
962 1492 1008 1531 ut
1041 1490 1124 1531 sibi
1154 1492 1356 1543 parceret.

760 1615 985 1659 SERMO.

327 1697 441 1738 Reus
474 1697 590 1738 dicit:
624 1711 747 1751 „n0n,
773 1698 923 1751 inquit,
948 1698 1029 1739 hoc
1054 1698 1197 1739 animo
1221 1697 1314 1751 feci,
1338 1699 1386 1738 ut
1411 1697 1497 1738 vim

240 1755 440 1797 facerem:
472 1754 578 1806 ideo,
610 1755 759 1809 inquit,
791 1755 981 1808 gladium
1011 1755 1148 1809 attuli,
1177 1757 1226 1796 ut
1250 1755 1324 1796 illo
1349 1769 1428 1808 me,
1460 1756 1497 1795 si

240 1813 443 1855 innocens
476 1827 701 1867 oppressus
733 1827 888 1866 essem,
919 1812 1234 1854 interficeremf‘

337 1943 356 1974 6
382 1938 573 1983 Epicrasses
599 1941 682 1983 AB,
708 1949 798 1974 corr.
825 1938 877 1974 Gr
907 1939 918 1983 ΙΙ
950 1942 968 1972 7
996 1938 1200 1983 θρὶιίοταὺθε
1225 1940 1274 1982 Δ,
1317 1938 1496 1983 epictates

243 1988 270 2018 Β
302 1987 313 2031 ΙΙ
345 1989 436 2020 ''l-8
463 1996 546 2020 cum
571 1985 778 2020 tudiracum
803 1985 942 2030 Regem
969 1995 1013 2020 en
1036 1985 1075 2019 id
1098 1987 1125 2018 B
1152 1986 1164 2031 ΙΙ
1194 1987 1214 2019 9
1242 1986 1391 2020 cunctus
1416 1987 1469 2018 Aa
1487 1984 1498 2029 l}

246 2035 287 2066 17
314 2030 440 2079 (non)
458 2042 633 2067 noveram
652 2032 725 2066 Aer
743 2032 754 2076 ss
776 2035 817 2066 19
843 2032 1035 2076 parcerent
1058 2034 1084 2065 B
1110 2032 1122 2077 u
1141 2035 1182 2066 21
1210 2031 1308 2066 dicet
1331 2030 1405 2066 Aer
1422 2030 1434 2074 ΙΙ
1453 2033 1496 2065 22

242 2078 353 2113 retuli
378 2081 461 2122 AB,
487 2089 577 2114 corr.
605 2078 669 2120 Gr,
695 2089 838 2113 mecum
862 2078 933 2112 tuli
960 2078 1032 2113 Θῦν
1050 2078 1062 2121 11
1086 2082 1129 2112 23
1155 2087 1368 2123 suppressus
1393 2079 1419 2109 B
