1604 2488
166 742 209 774 10

167 1032 210 1064 15

167 1323 211 1354 20

169 1903 214 1934 30

234 102 318 144 316
715 102 1019 146 QUINTILIANI

234 223 403 264 causas,
441 209 514 250 ubi
543 210 736 263 privatae
767 210 882 264 leges
915 211 1039 250 erunt
1069 211 1111 250 et
1143 209 1195 252 ad
1225 210 1351 252 unius
1383 225 1496 254 com·

234 267 406 309 modum
437 267 732 321 pertinebunt:
770 281 866 309 cum
902 281 1002 309 vero
1040 267 1090 308 de
1126 267 1367 322 proditione
1399 283 1495 325 age-

233 328 316 379 tur,
346 325 594 380 diligentius
626 325 861 367 intuemini.
924 325 1093 367 etiamsi
1124 325 1246 367 vobis
1275 326 1383 368 nihil
1413 328 1496 382 ipsi

234 382 568 425 confitebuntur:
601 386 645 425 at
668 383 762 437 hoc,
791 383 826 424 si
850 397 937 425 non
963 383 1067 424 satis
1092 385 1299 426 momenti
1321 385 1497 438 publica

233 441 423 495 pericula
459 441 640 495 habent,
682 441 815 483 vestri
856 442 1052 495 respectu
1095 441 1249 495 capitis
1285 442 1496 497 inquirite.

233 499 314 541 hoc
359 499 510 554 igitur,
547 499 694 554 quo[d]
737 499 788 540 de
830 499 926 553 lege
970 501 1142 540 cautum
1182 501 1263 542 est:
1304 502 1497 555 proditor

234 557 487 600 advocatum
519 557 689 611 habuit,
729 557 829 598 licet
859 557 926 598 illi
956 557 1066 598 nihil
1096 556 1313 611 profuerit.
1372 559 1496 602 Nunc

233 629 333 658 vero
365 629 492 670 quam
520 615 808 657 necessarium
844 629 894 656 ex
929 617 1082 656 eventu
1117 615 1368 659 ostenditur:
1399 632 1497 672 pro-

233 673 347 715 ditor
378 674 599 715 absolutus
633 676 708 715 est.
763 673 842 714 has
874 673 939 714 illi
970 675 1082 715 artes
1113 673 1358 729 timuerunt,
1387 675 1498 718 hanc

234 732 514 774 calliditatem
551 731 866 774 advocatorum.
932 731 1158 773 constituit
1195 731 1309 773 enim
1343 735 1498 775 natura

236 790 444 844 quaedam
477 804 596 832 arma
623 790 854 844 nequitiae,
893 803 970 844 per
1005 803 1112 844 quae
1147 789 1407 833 abducantur
1437 791 1499 833 iu-

235 848 376 890 dicum
409 848 554 890 animi.

327 905 436 961 „Sed
473 907 586 960 ipso,
631 906 786 960 inquit,
828 904 1000 959 iudicio,
1043 920 1126 959 quo
1166 905 1390 948 damnatus
1423 909 1500 962 est,

235 978 322 1005 non
359 964 422 1006 fui
458 962 706 1018 patronus.“
767 962 879 1005 Volo
917 963 1087 1013 interim
1119 963 1179 1005 sic
1212 976 1355 1019 agere,
1391 966 1500 1006 tam-

237 1036 365 1077 quam
394 1022 557 1064 nullam
588 1022 650 1063 rei
680 1021 873 1075 publicae
904 1021 1102 1063 iniuriam
1133 1021 1291 1063 fecerit.
1352 1021 1500 1064 etiam-

235 1094 337 1122 num
367 1080 450 1122 hoc
482 1079 585 1122 satis
612 1081 694 1121 est:
728 1079 957 1122 advocatus
987 1078 1218 1134 proditoris
1248 1079 1378 1121 fuisti.
1423 1080 1500 1121 fin-

237 1152 386 1193 gamus
417 1138 552 1192 igitur
583 1138 836 1192 ampliatum
867 1137 1000 1178 fuisse
1030 1136 1234 1179 iudicium
1265 1138 1308 1178 et
1330 1140 1501 1180 tantum

235 1196 372 1250 primo
403 1195 560 1237 iudicio
593 1198 822 1250 patronum
852 1194 991 1236 illum:
1021 1208 1163 1236 nonne
1195 1193 1413 1237 damnatio
1439 1209 1500 1237 se-

238 1256 450 1309 queretur,
481 1254 594 1308 quod
625 1253 800 1295 omnino
833 1255 1039 1306 patronus
1071 1252 1253 1294 fuisset?
1286 1267 1374 1294 11011
1399 1267 1501 1308 ergo

236 1315 405 1366 tempus
433 1312 592 1354 intueri
617 1311 830 1365 debemus,
863 1310 934 1352 sed
960 1325 1144 1364 causam,
1174 1310 1212 1352 si
1235 1310 1364 1353 homo
1389 1311 1502 1353 idem

239 1373 317 1424 est,
352 1370 388 1411 si
415 1370 575 1411 crimen
598 1369 725 1424 idem,
757 1369 793 1410 si
818 1369 887 1411 lex
914 1368 1071 1410 eadem.
1115 1370 1311 1423 putemus
1337 1369 1390 1410 ab
1416 1368 1502 1412 alio

238 1443 330 1470 esse
361 1428 621 1470 damnatum.
664 1442 751 1469 non
777 1428 888 1468 enim
913 1427 1104 1481 proderit
1123 1426 1205 1468 tibi
1230 1426 1358 1481 istud,
1388 1426 1501 1482 quod

237 1487 423 1541 inputas.
465 1490 566 1528 tunc
592 1486 703 1527 enim
729 1485 908 1527 diceres:
938 1484 1175 1539 »ignoravi,
1207 1487 1250 1526 et
1279 1483 1392 1527 idem
1423 1499 1503 1540 me,

238 1544 352 1599 quod
383 1545 556 1598 iudices,
586 1544 788 1586 fefellit«
829 1557 942 1585 nunc
972 1542 1233 1598 proditorem
1267 1543 1403 1584 sciens
1433 1543 1503 1584 de-

237 1603 423 1644 fendisti.
465 1602 576 1643 nihil
608 1603 701 1644 dico
733 1602 783 1643 de
817 1601 1111 1643 advocatione:
1143 1602 1298 1642 testem
1328 1601 1502 1655 perdidi.

238 1663 414 1702 tantane
445 1661 552 1702 lucri
584 1660 824 1714 cupiditas?
868 1660 928 1700 sic
957 1659 1196 1713 proditores
1227 1672 1502 1713 corrumpun-

238 1722 320 1760 tur.
365 1717 435 1760 Sic
463 1732 639 1772 prorsus
665 1718 793 1759 homo
818 1717 1146 1759 nocentissimus
1174 1730 1270 1757 cum
1296 1716 1502 1758 advocato

240 1791 315 1819 suo
346 1776 515 1818 locutus
548 1779 627 1818 est:
659 1788 768 1830 »ego
801 1775 970 1829 quidem
994 1773 1173 1829 prodidi,
1204 1773 1277 1815 sed
1301 1787 1503 1828 magnam

239 1834 465 1889 pecuniam
491 1834 651 1888 accepi:
679 1836 726 1874 ⁴et
749 1833 831 1875 tibi
855 1832 1052 1875 sufficit«.
1090 1832 1306 1886 quaeritis,
1331 1831 1504 1887 iudices,

241 1895 447 1947 quantum
483 1891 730 1946 promiserit
767 1891 957 1946 petenti?
990 1905 1061 1932 -:
1104 1903 1192 1931 non
1230 1890 1371 1943 potuit
1406 1904 1503 1944 pro-

336 2022 353 2052 1
381 2017 549 2062 privatae
574 2017 676 2063 leges
701 2017 758 2052 Ro
785 2018 797 2062 ΙΙ
825 2017 931 2052 erant
954 2018 979 2050 B
999 2018 1050 2061 112
1075 2015 1309 2061 pertinebant
1332 2017 1359 2048 B
1383 2015 1396 2059 ΙΙ
1419 2024 1504 2060 age-

238 2066 340 2100 retur
364 2067 390 2098 13
409 2066 462 2109 114
488 2065 535 2099 ad
559 2067 589 2098 A
607 2065 620 2109 ῃ
639 2068 659 2099 6
685 2064 782 2108 quod
807 2064 853 2099 de
877 2066 951 2107 AB,
977 2073 1067 2098 corr.
1094 2062 1180 2105 ὅθι,-
1205 2060 1323 2105 fort*
1343 2061 1387 2096 de
1412 2071 1503 2106 quo;

239 2122 290 2147 an
314 2112 384 2146 1100
408 2111 523 2156 igitur
549 2111 803 2155 quodcumque
827 2110 911 2155 lege
937 2120 966 2144 0.
986 2121 1016 2144 0.
1038 2108 1086 2153 (ἓ)
1107 2110 1119 2154 ΙΙ
1139 2113 1158 2144 7
1182 2108 1247 2142 ille
1272 2108 1369 2153 3118
1393 2118 1504 2152 quem

239 2161 284 2202 B,
310 2168 403 2202 quae
429 2161 454 2191 P
485 2158 497 2202 ΙΙ
530 2162 571 2192 11
601 2157 782 2202 quaedam
808 2167 873 2192 om.
899 2159 929 2190 A
957 2157 968 2201 ΙΙ
999 2155 1216 2191 abdicantur
1239 2157 1265 2187 B
1289 2154 1363 2198 1115
1390 2154 1505 2190 etiam

240 2215 335 2240 nunc
360 2207 413 2238 Aa
442 2205 454 2248 11
486 2208 528 2239 21
557 2205 685 2240 eadem
709 2205 752 2238 ut
775 2215 810 2248 p.
837 2204 956 2248 Ρ1124
980 2202 1078 2238 hunc
1102 2205 1128 2236 B
1148 2203 1159 2247 11
1179 2205 1222 2237 29
1251 2199 1393 2236 suffecit
1417 2203 1468 2235 Aa
1493 2201 1506 2246 Η

241 2255 283 2287 31
309 2250 455 2296 potenti
479 2253 531 2284 Ab
1139 2259 1142 2262 ⁴
