1578 2470
187 104 274 145 412
660 103 960 146 QUINTILIANI

642 242 983 289 CCCLXXIII.

509 324 807 368 Ornamentis
837 325 1124 381 redemptus.

190 407 432 448 ABDICARE
470 418 645 449 LICEAT.
707 419 931 450 SEPULcm
967 419 1156 450 VIOLATI
1193 418 1261 450 sl'r
1292 419 1443 450 ACTIO.

307 465 480 507 Amissa
509 480 638 507 uxore
671 468 713 507 et
745 466 923 507 defossis
955 466 999 506 in
1031 465 1224 520 sepulcro
1255 465 1345 507 eius
1376 480 1441 507 or-

144 533 164 564 5
306 523 517 565 namentis
550 524 795 578 superduxit
825 524 915 565 filio
946 537 1185 566 novercam.
1239 526 1386 578 captus
1418 538 1444 564 a

306 581 456 635 piratis
488 583 610 635 pater
641 582 690 622 de
716 582 1006 635 redemptione
1032 581 1213 636 scripsit.
1253 584 1444 624 morante

307 639 409 691 filio,
439 654 544 681 uxor
576 654 625 681 ex
656 640 847 693 sepulcro
880 640 1032 693 prioris
1063 639 1207 680 uxoris
1239 639 1348 681 eruit
1378 653 1444 680 or-

308 700 510 738 namenta
541 700 584 739 et
613 698 743 738 misit.
782 698 836 739 ob
867 698 947 739 hoc
979 712 1003 738 a
1034 697 1230 751 privigno
1262 696 1445 750 sepulcri

307 755 458 796 violati
495 759 690 797 accusata
727 757 769 796 et
805 755 1006 797 damnata
1043 758 1120 797 est.
1179 757 1301 809 pater
1336 753 1447 795 redit

124 823 166 854 10
309 815 351 854 et
382 813 550 854 abdicat
581 813 727 854 filium.

599 927 1040 971 DECLAMATIO.

279 1008 393 1050 Ante
431 1025 557 1064 quam
599 1010 876 1064 parricidium
919 1010 1116 1050 inertiam
1160 1009 1318 1050 obicio:
1360 1022 1448 1050 non

193 1082 237 1108 es
274 1068 589 1123 peregrinatus,
633 1069 760 1109 etiam
797 1082 863 1108 me
900 1067 1208 1122 peregrinante.
1275 1068 1446 1107 coactus

194 1140 287 1167 sum
319 1128 413 1166 tuas
446 1126 557 1167 vices
590 1126 810 1167 sustinere.
851 1126 925 1167 sed
950 1125 1074 1175 dices,
1103 1139 1191 1166 non
1215 1125 1351 1165 totam
1377 1124 1448 1165 do-

125 1192 167 1224 15
193 1198 308 1224 mum
341 1183 385 1223 in
416 1184 653 1237 periculum
685 1183 895 1225 committi
926 1183 1134 1224 debuisse.
1192 1181 1449 1235 remansisti,

194 1244 243 1282 ut
272 1241 529 1283 redimeres?
577 1242 734 1282 redime
774 1243 940 1295 patrem
972 1241 1157 1294 captum!
1207 1239 1449 1281 deseruisti:

197 1300 429 1341 maximum
461 1300 637 1354 crimen,
666 1300 796 1341 immo
827 1298 1113 1353 parricidium.
1172 1299 1376 1352 quantum
1406 1298 1452 1339 in

194 1360 238 1399 te
269 1357 361 1411 fuit,
393 1358 555 1399 occisus
582 1372 687 1411 sum,
719 1359 761 1399 et
785 1357 1050 1412 gravissimis
1075 1356 1243 1410 quidem
1267 1357 1450 1397 tormen—

195 1416 431 1471 tis.-neque
462 1418 538 1470 est,
569 1416 680 1470 quod
710 1417 1005 1470 paupertatem
1037 1428 1225 1456 excuses:
1255 1413 1451 1468 impietas

126 1485 170 1516 20
195 1474 289 1515 fuit.
337 1475 537 1516 moraris:
582 1476 624 1516 et
667 1474 768 1529 quid
810 1473 946 1514 facis?
1001 1476 1048 1514 ut
1086 1472 1216 1514 sciam
1253 1471 1451 1525 otiosum,

197 1546 380 1574 accusas.
442 1532 523 1574 hoc
562 1532 715 1574 vacat?
771 1534 814 1573 et
853 1545 978 1585 quam
1019 1530 1220 1573 accusas?
1277 1543 1450 1572 uxorem

195 1604 345 1631 meam.

287 1647 579 1702 „Sepulcrum,
622 1648 780 1703 inquit,
817 1646 1087 1689 violaverat.“
1152 1646 1261 1696 Quid
1293 1646 1346 1688 ad
1376 1645 1451 1687 te?

195 1720 290 1746 mea
327 1706 484 1747 iniuria
522 1709 603 1759 cst3
646 1719 725 1760 ego
762 1705 999 1747 vindicabo.
1061 1704 1134 1746 sed
1169 1719 1221 1745 ne
1253 1717 1332 1758 ego
1363 1703 1452 1758 qui-

127 1775 170 1806 25
197 1763 292 1804 dem
325 1763 475 1806 debeo:
512 1766 624 1805 recte
656 1764 847 1805 violavit.
911 1765 984 1818 „ut
1015 1763 1140 1816 scias,
1172 1762 1329 1817 inquit,
1358 1775 1451 1815 pec-

198 1835 334 1863 casse:
374 1822 577 1863 damnata
608 1821 708 1863 est.“
770 1821 955 1871 miraris,
987 1821 1160 1862 absente
1190 1819 1311 1862 viro?
1373 1833 1452 1875 ego

198 1882 250 1930 te,
271 1894 387 1933 uxor,
408 1880 617 1934 damnavi,
642 1879 803 1933 optima
827 1879 1098 1920 feminarum:
1125 1878 1195 1919 sed
1215 1877 1453 1919 vindicabo.

296 1999 313 2028 1
341 1993 560 2029 OCCLXXH
585 1997 649 2027 ΔΡ
668 1995 680 2037 ΙΙ
698 1998 718 2028 2
744 1993 948 2028 redemstus
973 1995 1003 2026 A
1021 1994 1032 2038 ss
1051 1996 1073 2026 4
1098 1991 1331 2027 defossis
1355 1994 1384 2024 Δ
1402 1992 1413 2036 ΙΙ
1433 1996 1453 2026 6

200 2042 327 2077 orante
352 2044 398 2083 A,
435 2040 593 2075 moranti
617 2043 643 2073 B
663 2042 674 2085 ΙΙ
694 2044 712 2074 7
740 2042 779 2075 et
802 2042 845 2084 B,
872 2051 891 2074 e
916 2043 942 2072 P
965 2040 978 2084 ΙΙ
1003 2043 1022 2074 9
1049 2049 1123 2074 acc.
1149 2037 1262 2073 etiam
1285 2040 1374 2072 nata
1397 2040 1455 2071 est

196 2090 223 2121 B
247 2088 260 2131 ΙΙ
287 2091 327 2123 12
354 2087 572 2131 paricidium
597 2089 626 2120 A
651 2088 662 2130 ΙΙ
689 2090 731 2121 15
765 2097 843 2120 rem
868 2086 1001 2121 auxisti
1024 2087 1052 2118 B
1075 2086 1088 2129 ΙΙ
1116 2089 1157 2120 16
1187 2086 1230 2119 ut
1258 2083 1454 2118 redimeres

197 2136 341 2179 patrem
367 2135 525 2178 captum.
552 2134 651 2175 edd.‚·
687 2134 768 2168 item
799 2144 878 2168 cum
909 2133 1011 2177 siquo
1045 2131 1337 2176 interroyationis
1361 2129 1418 2164 Ro
1443 2130 1452 2174 ἓ]

201 2184 243 2216 19
270 2191 418 2216 accuses
442 2181 586 2223 Ba1120
611 2179 771 2214 occisum
795 2182 821 2213 B
