1578 2470
213 101 300 143 392
412 82 417 84 “
695 101 991 146 QUINTILIAM

742 241 951 286 CCCLX.

339 382 341 384 Ι
408 322 491 366 Lis
523 323 578 366 de
611 323 802 367 dotibus
835 335 997 369 socrus
1031 325 1079 368 et
1109 337 1273 369 nurus.

215 416 365 458 PRmA
410 428 549 459 RATIO
593 429 729 460 D0T1s
773 430 1031 460 HABEATUR.
1105 418 1319 468 Quaedam
1364 419 1475 473 apud

335 475 470 516 filium
502 476 656 517 amisso
688 476 779 517 viro
813 476 955 518 dotem
987 476 1171 530 reliquit.
1229 476 1475 518 adulescens

171 544 191 574 5
335 533 463 574 ducta
493 547 623 575 uxore
656 534 804 575 dotata
835 534 1026 576 decessit.
1070 548 1135 575 res
1165 534 1364 576 solvendo
1389 549 1476 576 non

335 594 410 633 est.
464 591 724 633 contendunt
756 606 901 634 socrus
933 594 975 633 et
999 607 1141 647 nurus,
1171 594 1268 634 utra
1291 593 1476 647 primum

338 649 480 691 dotem
513 649 702 703 accipiat.

735 763 962 807 SERMO.

306 845 529 888 Mulierem
568 846 689 887 illam
727 860 893 888 socrum
930 862 1060 889 nurus
1098 847 1209 889 dicet
1245 847 1354 889 hanc
1393 849 1477 890 rui-

149 914 192 945 10
217 919 317 946 nam
354 904 602 959 patrimonii
639 906 738 958 post
767 907 949 947 mortem
987 906 1068 946 viri
1099 905 1246 947 statim
1278 906 1477 948 sensisse:

217 977 305 1004 non
344 963 574 1017 sumpsisse
612 962 771 1015 dotem,
809 977 861 1004 ne
902 966 944 1004 et
973 963 1108 1004 filium
1140 963 1404 1005 decoloraret
1435 966 1478 1006 et

220 1021 363 1062 dotem
396 1034 562 1075 quoque
595 1020 797 1073 perderet.
846 1021 991 1074 itaque
1017 1022 1144 1062 etiam
1171 1021 1363 1063 dotatam
1387 1022 1476 1064 filio

220 1079 435 1133 quaesisse
467 1092 652 1130 uxorem,
685 1093 766 1132 quo
798 1078 966 1120 facilius
991 1083 1138 1133 posset
1162 1079 1324 1120 ruentis
1350 1080 1478 1134 patri-

217 1137 351 1178 monii
382 1138 592 1177 rationem
623 1136 782 1177 fulcire.
847 1137 990 1190 addat,
1029 1137 1208 1178 donasse
1238 1136 1357 1179 illam
1387 1137 1476 1179 filio

150 1205 193 1236 15
218 1194 488 1249 petitionem:
515 1194 651 1247 hodie,
678 1195 777 1248 quia
802 1194 1099 1248 decess<er>it,
1123 1197 1366 1237 retractare.
1397 1194 1478 1237 Sed

221 1255 262 1294 et
293 1252 569 1307 praescribat.

629 1367 1071 1410 DECLAMATIO.

308 1450 410 1492 Sero
449 1450 576 1504 petis,
614 1453 657 1491 et
696 1451 810 1492 aliud
841 1450 1148 1504 patrimonium
1180 1452 1255 1492 est.
1298 1452 1347 1492 tu
1379 1451 1479 1493 dum

217 1509 341 1551 heres
380 1508 522 1550 mariti
562 1509 626 1549 tui
658 1511 767 1562 erat,
805 1523 830 1549 a
859 1508 948 1550 filio
979 1511 1124 1562 petere
1155 1508 1363 1552 debuisti:
1399 1523 1478 1564 ego

148 1577 192 1609 20
218 1582 270 1608 ex
317 1567 440 1608 bonis
484 1567 629 1608 mariti
673 1567 757 1607 mei
799 1569 956 1620 repeto.
1029 1581 1129 1608 nam
1172 1567 1279 1608 duae
1319 1570 1479 1609 mortes

217 1626 471 1666 maritorum
503 1624 689 1666 diversas
722 1625 1009 1666 successiones
1039 1624 1210 1666 habent.
1253 1624 1366 1666 bona
1391 1640 1479 1667 ma-

216 1684 291 1724 riti
344 1683 429 1724 mei
471 1684 609 1724 morte
665 1683 754 1723 eius
803 1682 916 1723 facta
971 1685 1092 1723 sunt:
1160 1682 1258 1723 dum
1307 1683 1479 1736 viveret,

216 1741 351 1796 patris
383 1740 566 1781 fuerunt.
626 1739 714 1781 Dos
748 1743 828 1794 est,
869 1740 906 1781 si
944 1755 969 1780 a
1005 1740 1095 1781 viro
1134 1742 1209 1781 aut
1238 1740 1290 1781 ab
1322 1740 1478 1782 herede

219 1800 309 1841 eius
340 1801 578 1854 repetatur:
609 1801 658 1840 tu
689 1798 846 1839 amisso
878 1797 969 1839 viro
1001 1812 1096 1839 cum
1129 1798 1271 1839 dotem
1297 1812 1384 1840 non
1407 1813 1478 1852 pe-

149 1867 193 1899 25
220 1858 325 1911 tisti,
356 1857 495 1899 fecisti
526 1856 732 1898 creditum
764 1870 813 1897 ex
846 1856 956 1897 dote.

311 1999 331 2029 5
359 1994 577 2030 solvendo
603 1998 633 2028 A
657 1997 708 2040 116
735 1994 874 2039 primus
900 1997 929 2027 A
949 1995 961 2038 ΙΙ
992 1998 1036 2028 14
1061 1993 1202 2028 fulcio
1227 1994 1350 2038 Aulo
1378 1993 1478 2038 quia]

217 2053 260 2086 qr
283 2044 384 2075 B—I’
416 2043 428 2086 ΙΙ
458 2041 645 2076 *decessit
669 2044 708 2083 A,
735 2052 799 2076 om.
824 2044 850 2074 B
871 2042 881 2084 ΙΙ
915 2045 956 2075 16
981 2042 1025 2069 ψ
1052 2041 1093 2074 in
1116 2051 1229 2085 mary.
1254 2043 1284 2073 A
1302 2040 1314 2084 ΙΙ
1347 2043 1388 2074 18
1415 2039 1479 2074 du·-

218 2089 305 2122 dum
331 2091 384 2121 Aa
409 2092 440 2123 et
465 2089 541 2124 edd.
561 2090 572 2133 ΙΙ
592 2092 637 2122 24
661 2088 810 2132 petatur
834 2090 886 2120 Aa
904 2088 915 2131 ΙΙ
935 2091 977 2121 25
1005 2087 1084 2122 dos
1109 2090 1139 2120 A
