1604 2488
501 112 925 154 DEOLAMATIONES.
953 116 1068 155 CCCI.
1248 160 1250 163 ,
1349 117 1433 160 189

149 229 199 270 ut
241 226 443 282 protinus
489 226 702 282 cupiditas
735 227 880 282 aliqua
911 226 956 268 in
989 226 1182 268 animum
1213 229 1336 269 tuum
1365 222 1434 269 de-

152 285 396 341 scenderet3
428 287 471 328 et
503 300 601 329 cum
632 286 919 341 concupisses,
949 288 997 328 ut
1023 300 1212 340 raperes.
1255 301 1366 342 quae
1399 287 1435 328 si

149 345 274 388 nulla
291 345 477 401 ratione,
501 345 622 387 nulla
648 345 912 388 divinatione
938 344 1160 400 provideri
1182 347 1435 400 potuerunt:

152 407 336 460 apparet
371 419 460 447 non
496 407 676 460 propter
706 404 751 447 id
780 404 960 460 factum,
1003 405 1117 461 quod
1149 405 1316 460 sperari
1348 420 1435 448 non

148 464 306 520 potuit.
332 463 435 519 quid
468 464 584 506 enim
608 464 654 506 in
679 479 807 507 causa
833 463 930 519 fuit,
962 478 1037 506 cur
1056 464 1260 520 raperes?
1294 465 1434 507 cultus

149 523 354 566 videlicet
390 526 434 566 te
473 523 657 567 inlexit?
712 524 782 566 hic
825 524 940 566 enim
972 523 1081 566 adici
1114 523 1225 566 solet
1258 523 1312 566 ad
1344 538 1436 580 spe-

151 583 264 626 ciem
300 599 372 626 -:
413 583 515 626 talis
547 583 839 639 ministrabat,
870 587 919 625 ut
950 597 1126 626 necesse
1158 586 1273 626 esset
1306 583 1436 626 ancil-

153 642 244 686 lam
276 657 370 685 esse
402 642 589 685 mentiri.

241 701 308 744 Tu
326 716 455 757 porro
477 700 724 758 (permittas
745 702 876 744 etiam
892 701 1057 757 aliquid
1076 701 1184 744 mihi
1198 700 1436 758 libertatis)

148 761 366 817 rapiebas,
391 761 568 815 vel<ut>
595 760 829 803 ancillam?
857 776 930 803 -ι
956 765 1005 804 tu
1031 775 1205 816 raperes
1230 762 1437 804 ancillam

151 820 264 875 eius,
301 820 415 876 apud
453 836 579 876 quem
616 821 748 875 paulo
787 823 886 863 ante
925 820 1186 863 cenaveras?
1237 821 1310 863 sed
1350 836 1439 864 non

153 879 392 935 credidisti,
437 880 642 923 ancillam
688 893 792 922 esse.
854 880 995 934 possis
1041 882 1089 922 tu
1126 880 1312 924 fortasse
1353 881 1437 924 huc

151 953 288 994 usque
321 938 589 994 descendere,
621 941 669 981 ut
700 954 788 981 non
819 939 1018 981 fastidias
1050 954 1283 994 pauperes:
1319 955 1438 982 num-

153 1013 284 1054 quam
322 999 534 1055 cupiditas
572 1001 650 1041 tua
687 1013 822 1054 usque
862 997 916 1041 ad
948 998 1166 1054 mancipia
1197 998 1438 1042 descendet.

151 1071 203 1100 ac
246 1057 284 1100 si
327 1057 442 1100 forte
488 1058 675 1114 cepisset
714 1057 861 1100 oculos
902 1059 1003 1100 tuos
1050 1058 1290 1114 [petisses]‚
1335 1058 1439 1114 quid

154 1131 263 1172 opus
296 1121 388 1159 erat
419 1117 494 1160 vi‘?
525 1132 612 1160 non
643 1117 896 1159 munusculo
930 1117 1237 1160 sollicitasses‘?
1268 1133 1370 1173 non,
1401 1118 1438 1161 si

154 1176 454 1219 contumacior
485 1179 612 1230 esset,
643 1191 722 1231 pro
756 1179 831 1219 tua
862 1176 941 1218 illa
973 1177 1177 1219 comitate
1212 1192 1237 1219 a
1263 1176 1438 1220 domino

154 1234 358 1290 petisses?
421 1235 605 1291 potuisti
639 1250 740 1290 ergo
774 1236 900 1291 scire,
939 1236 1072 1278 etiam
1106 1239 1339 1291 antequam
1371 1251 1438 1279 ra-

155 1308 258 1349 pere
296 1294 518 1350 inciperes.
580 1295 625 1336 in
665 1294 760 1349 ipso
798 1310 900 1337 vero
941 1298 1071 1350 raptu
1108 1309 1196 1337 non
1239 1295 1440 1351 apparuit

155 1353 240 1395 tibi
272 1353 476 1396 ancillam
508 1368 596 1396 non
628 1353 751 1396 esse?
783 1368 869 1396 non
901 1356 1126 1409 tamquam
1155 1354 1293 1397 libera
1318 1369 1440 1410 repu-

156 1411 337 1468 gnavit?
392 1427 482 1455 non
520 1413 807 1468 proclamavit
837 1413 1037 1468 patrem?
1094 1413 1260 1456 nullam
1291 1429 1440 1457 vocem

155 1485 298 1513 meam
330 1472 519 1515 audisti?
575 1472 671 1515 fieri
710 1487 799 1514 non
836 1475 1000 1527 potest,
1038 1475 1088 1514 ut
1124 1487 1211 1516 non
1250 1473 1441 1529 eruperit

156 1531 416 1587 ingenuitas,
448 1546 557 1587 quae
591 1531 761 1574 aditura
793 1534 887 1574 erat
918 1532 1215 1587 magistratus.

246 1589 337 1633 Aut
363 1605 443 1647 ego
470 1591 613 1646 fallor,
643 1593 718 1633 aut
745 1591 795 1633 de
821 1591 902 1633 hac
927 1594 1022 1634 tota
1047 1606 1178 1634 causa
1202 1591 1441 1634 iudicatum

158 1652 242 1692 est:
268 1665 368 1692 113111
395 1650 432 1692 si
457 1650 556 1706 quid
583 1650 770 1693 feceram
791 1650 968 1706 fraudis,
995 1650 1107 1705 apud
1133 1652 1442 1707 magistratum

159 1722 288 1764 agere
321 1709 520 1752 debuisti.
571 1710 949 1766 „circumscriptus
982 1725 1096 1762 sum,
1130 1711 1334 1753 ancillam
1365 1726 1440 1766 pu-

107 1762 120 1776 ⁹
159 1767 288 1811 tavi.“
335 1770 638 1812 necessitatem
669 1770 856 1824 raptoris
890 1770 1118 1826 agnovisti.
1234 1803 1258 1817 ,

244 1827 347 1870 Non
377 1830 484 1884 puto
516 1831 560 1871 te
586 1829 770 1883 obicere,
803 1828 918 1884 quod
941 1829 1118 1884 nuptias
1139 1829 1320 1884 optavit.
1369 1829 1443 1871 sed

155 1900 234 1929 nec
284 1901 364 1943 ego
408 1888 581 1944 input03
639 1889 750 1930 sicut
805 1903 859 1930 ne
903 1889 1102 1944 gratulor
1146 1889 1319 1944 quidem
1360 1889 1442 1931 hoc

155 1946 445 1990 matrimonio.
514 1947 624 1990 mihi
662 1947 803 2002 magis
843 1948 1118 1990 convenisset
1157 1961 1307 2004 gener,
1345 1963 1442 1990 cum

251 2077 271 2109 9
299 2074 514 2120 *permittis
538 2077 613 2119 AB,
640 2075 817 2120 permitte
842 2076 920 2111 edd.
940 2076 953 2121 11
975 2079 1017 2111 10
1036 2075 1195 2124 vel<ut>
1214 2076 1270 2112 Gr
1288 2077 1299 2122 ΙΙ
1321 2080 1365 2112 14
1391 2076 1444 2111 di-

157 2121 311 2158 scendet
335 2124 406 2167 Aa,
433 2122 620 2158 discendit
644 2125 696 2156 Ab
721 2124 733 2168 ΙΙ
761 2127 803 2158 15
831 2123 1020 2170 [petisses]
1047 2123 1101 2159 Gr
1119 2125 1131 2170 ΙΙ
1159 2128 1202 2159 16
1230 2124 1445 2160 sollicitasti

154 2173 188 2204 et
210 2173 336 2214 postea
360 2169 491 2215 petisti
509 2173 584 2214 AB,
612 2181 703 2206 corr.
725 2170 779 2206 Gr
798 2172 810 2216 ss
831 2175 874 2206 17
901 2173 942 2206 at
966 2171 1117 2207 omnino
1135 2174 1162 2206 B
1182 2173 1194 2216 ΙΙ
1215 2176 1354 2207 19-20
1380 2183 1444 2217 ap-

148 2217 265 2262 -parui
288 2216 319 2252 ti
343 2217 562 2253 biancillam
583 2221 613 2252 A
632 2219 643 2264 ΙΙ
663 2222 707 2253 22
735 2228 859 2254 meam
884 2219 1086 2254 absurdum
1105 2220 1248 2255 iudicat
1267 2220 1325 2256 Ro
1331 2234 1345 2263 ‚·
1369 2220 1444 2263 for-

156 2263 382 2344 tasseB*voc.
411 2265 499 2301 eius.
520 2266 532 2310 [Ι
552 2269 598 2300 24
623 2267 666 2301 ut
692 2276 762 2311 ego
790 2265 814 2301 f.
836 2268 867 2300 A
884 2267 896 2312 Η
916 2270 961 2302 30
986 2267 1108 2312 magis
1135 2278 1164 2302 c.
1186 2279 1222 2313 g.
1245 2279 1273 2302 c.
1296 2278 1330 2311 q.
1352 2267 1445 2302 mihi

157 2319 224 2346 om.

1466 771 1508 804 10

1467 1069 1509 1100 15

1466 1365 1510 1397 20

1468 1662 1511 1693 25

1468 1959 1513 1991 30
