1578 2470
449 132 872 170 DECLAMATIONES.
902 131 1084 169 CCCLIX.
1302 133 1388 175 391

101 244 217 285 certe
250 256 348 284 eum
380 242 476 298 lege
507 243 646 299 patris
678 257 817 297 usum,
861 243 935 298 qui
968 242 1098 284 sciret
1128 256 1207 284 nec
1240 256 1285 284 se
1315 257 1391 298 pa·

101 304 214 344 trem
244 315 325 345 nec
356 301 469 345 hunc
506 303 655 345 filium.
724 302 1044 344 adulescentem
1077 303 1242 356 autem,
1290 302 1391 357 quia

101 360 294 404 nondum
331 365 608 418 prospectum
638 362 716 405 illo
748 364 946 417 tempore
977 363 1144 417 patrem
1175 360 1392 417 habuerit,

101 423 217 463 certe
261 421 363 476 quia
404 421 591 477 probare
633 436 722 464 non
770 421 980 477 potuerit,
1024 420 1231 463 tacuisse:
1277 434 1392 463 nunc

101 481 249 535 petere
280 480 505 524 talionem.
1416 491 1438 523 5

620 573 861 619 CCCLIX.

364 657 449 701 Lis
481 657 726 713 publicani
758 657 814 702 de
845 657 1123 701 unionibus.

101 740 325 785 PRAETER
360 753 695 786 INSTRUMENTA
734 753 942 784 ITINERIS
976 753 1127 784 OMNES
1160 752 1244 785 RES
1278 753 1390 792 QUA-

220 813 529 844 DRAGESIMAM
559 813 823 845 PUBLIOANO
849 813 1082 844 DEBEANT.
1129 812 1391 845 PUBLICANO

224 872 452 904 SCRUTARI
477 872 663 904 LICEAT.
705 872 835 912 QUOD
868 872 974 911 QUIS
1006 871 1268 903 PROFESSUS
1294 873 1392 904 NON
1420 872 1463 904 10

221 932 413 974 FUEB1T‚
453 932 652 963 PERDAT.
713 931 975 963 MATRONAM
1013 932 1074 963 NE
1107 931 1276 963 LICEAT
1308 932 1390 963 AT-

222 991 441 1022 TINGERE.
490 979 693 1022 Matrona
723 979 807 1022 iter
836 979 1000 1022 faciens
1034 994 1132 1021 cum
1165 979 1218 1022 ad
1249 980 1391 1035 publi-

224 1052 354 1082 canos
380 1039 583 1094 venisset,
610 1040 789 1082 uniones
815 1039 982 1081 habens
1010 1036 1153 1081 CCCC
1174 1039 1220 1081 in
1247 1039 1391 1082 sinum

220 1097 400 1142 abdidit.
460 1098 541 1141 hos
581 1113 678 1141 cum
715 1098 956 1155 requireret
987 1097 1264 1153 publicanus,
1301 1114 1391 1141 ma-

218 1160 347 1200 trona
391 1158 612 1200 scrutandi
649 1160 914 1213 potestatem
952 1157 1069 1200 fecit.
1131 1157 1390 1212 publicanus
1419 1168 1462 1200 15

219 1217 362 1259 noluit
385 1218 589 1260 scrutari:
615 1217 844 1261 translatis
871 1231 1047 1259 manum
1074 1216 1198 1259 inicit
1222 1219 1267 1259 et
1288 1232 1388 1260 suos

223 1275 340 1318 dicit.

620 1357 853 1402 SERMO.

191 1439 476 1491 Quaestiones
522 1444 643 1496 sunt,
682 1457 736 1484 an
779 1442 1072 1485 instrumenta
1114 1443 1283 1486 itineris
1329 1443 1390 1486 vi-

99 1500 191 1543 deri
227 1500 405 1544 uniones
436 1501 637 1558 possint?
689 1516 762 1557 an,
801 1501 973 1544 etiamsi
1004 1517 1094 1545 non
1124 1503 1297 1557 possint
1326 1503 1390 1545 vi-
1415 1512 1461 1545 20

100 1559 203 1616 deri,
235 1562 385 1604 tamen
414 1562 620 1629 quoniam
652 1561 707 1603 ad
738 1535 865 1604 lisum
896 1564 940 1604 et
969 1564 1274 1604 ornamentum
1299 1577 1389 1604 ma-

99 1622 254 1662 tronae
284 1620 428 1675 parati
457 1621 556 1676 sint,
588 1621 634 1663 in
659 1620 939 1664 commissum
965 1621 1112 1664 venire
1138 1621 1391 1677 potuerint?

101 1694 157 1722 an
187 1679 234 1722 in
263 1694 387 1722 usum
412 1654 557 1736 parati
582 1680 703 1723 sint?
737 1695 805 1736 an,
836 1680 874 1723 si
899 1680 945 1723 in
969 1695 1096 1723 usum
1121 1681 1267 1736 parati
1292 1681 1392 1737 sint,

99 1753 187 1781 non
225 1739 391 1782 ostensi
427 1740 567 1783 teneri
603 1739 795 1796 possint,
833 1754 930 1782 cum
968 1741 1133 1783 ostensi
1174 1740 1287 1783 nihil
1320 1740 1390 1783 de-

99 1798 305 1841 buerint?
332 1813 400 1855 an,
426 1799 622 1855 quamvis
649 1799 836 1842 scrutari
861 1802 1108 1842 matronam
1133 1814 1223 1843 non
1247 1800 1392 1855 liceat,
1417 1810 1462 1842 25

100 1858 181 1911 [et]
214 1858 310 1913 ipsa
339 1859 621 1913 permittente
653 1860 730 1913 [et]
765 1859 996 1914 publicano
1034 1859 1233 1902 licuerit?
1274 1859 1390 1914 (an)

99 1916 282 1971 perinde
317 1918 375 1960 sit
407 1918 718 1960 scrutationem
748 1918 1011 1974 permisisse,
1044 1933 1094 1960 ac
1125 1933 1217 1960 rem
1249 1922 1392 1960 osten-

100 1975 248 2018 disse?
281 1991 336 2018 an
369 1976 549 2019 dimissa
580 1992 648 2019 res
675 1978 767 2032 peti
792 1977 962 2032 possit?
996 1992 1051 2018 an
1076 1977 1183 2020 haec
1210 1977 1390 2020 dimissa

101 2034 191 2076 sit?
223 2034 328 2077 dicit
359 2036 474 2078 enim
505 2036 762 2092 publicanus
788 2050 877 2078 non
900 2050 1004 2090 rem,
1038 2037 1110 2078 sed
1137 2039 1386 2079 controver-

100 2093 210 2137 siam
244 2094 480 2137 dimissam.
1417 2106 1463 2139 30

197 2191 219 2222 3
244 2187 491 2233 prospectu
517 2190 547 2222 A
571 2189 583 2234 ΙΙ
609 2189 849 2234 prospectum
874 2191 914 2233 A,
940 2188 1150 2243 profectum
1174 2192 1213 2233 B,
1238 2199 1392 2235 perspe-

101 2234 205 2270 ctum
229 2236 306 2270 Aer
329 2236 342 2281 ΙΙ
370 2239 414 2270 14
446 2234 593 2271 obdidit
629 2236 700 2271 hoc
725 2238 752 2269 Β
778 2236 791 2281 [Ι
817 2239 860 2271 16
886 2235 1017 2272 iniecit
1042 2239 1089 2281 A,
1121 2235 1244 2271 iniicit
1267 2239 1294 2270 Β
1315 2238 1327 2282 Η
1347 2240 1391 2271 22

99 2283 304 2334 potuerunt
328 2285 383 2317 Aa
401 2284 414 2329 ΙΙ
433 2286 574 2318 22-23
599 2282 639 2318 in
665 2294 695 2318 c.
721 2295 755 2318 v,
781 2295 818 2328 p.
845 2293 877 2318 a
903 2284 926 2318 i.
952 2296 990 2318 u.
1017 2296 1053 2329 p.
1081 2283 1156 2320 sint
1181 2294 1248 2319 om.
1268 2286 1296 2317 Β
1315 2284 1327 2328 ΙΙ
1347 2287 1392 2319 23

101 2328 135 2363 si
159 2339 225 2365 om.
253 2332 307 2365 Aa
325 2330 337 2375 ΙΙ
357 2334 402 2366 26
430 2330 532 2377 [et]
522 2343 545 2365 1.
566 2343 602 2376 p.
624 2330 696 2376 [et]
723 2330 812 2375 Rou
842 2329 945 2378 (an)
970 2330 1028 2367 Ro
1045 2331 1058 2375 11
1075 2335 1121 2367 28
1147 2330 1323 2379 <re>peti
1333 2330 1392 2367 Ro
