1560 2462
204 54 288 90 XVI
690 52 973 88 PRAEFATIO.

205 166 241 201 p.
275 154 373 200 211,
409 154 459 191 12
499 151 795 190 confiteamiini
830 162 987 188 necesse
1024 150 1078 199 B,
1124 150 1386 189 confiteamini
1419 151 1463 190 ni

319 227 400 253 nec.
431 215 463 252 P

737 282 761 299 ω

204 314 520 363 p.267,4—5
736 325 762 358 q

566 401 575 409 .
636 369 748 418 dixit,
779 371 932 417 patrem
982 363 1057 420 (ita
1096 371 1142 408 ut
1173 382 1293 419 supra.
1322 369 1460 408 distin-

319 435 462 484 guendi
507 434 679 482 signum,
718 434 808 482 post
845 430 943 469 dixit
983 431 1172 481 positum,
1221 432 1385 472 fortuito
1421 433 1462 471 in

319 545 437 571 versu
462 533 660 582 superiore
692 532 744 569 sit
776 527 820 582 q)
851 530 883 567 B
911 561 918 568 .
945 560 953 568 .
980 560 989 569 .
1015 531 1112 568 dixit
1135 531 1177 568 in
1199 533 1353 580 patrem
1377 530 1408 569 P

320 598 498 646 denique,
529 597 589 634 cui
614 597 696 634 loco
727 594 939 643 plurimum
968 594 1098 631 tribuo
1128 594 1327 642 momenti,

204 675 240 710 p.
276 662 357 698 140
418 689 589 700 .....
628 660 759 697 fuerat
801 660 892 696 tuae
930 670 1062 706 curae,
1103 659 1197 695 tuae
1240 658 1460 696 severitatis

320 724 558 761 intervenire
586 723 590 771 1
619 725 658 760 et
676 722 823 771 aliquid
842 722 970 759 facere
989 721 1141 760 fortius.
1190 733 1263 770 ego
1281 721 1460 760 fortunae

320 787 492 836 agendas
513 799 599 824 esse
618 786 768 835 gratias
790 787 886 834 puto
907 795 934 828 q
955 778 959 836 Ι
984 784 1148 823 emissus
1169 785 1311 823 dicitur
1329 786 1400 823 etc.
1428 785 1460 822 B

421 880 430 888 .
462 881 468 888 .
509 851 640 888 fuerat
671 851 762 887 tuae
799 860 931 895 curae,
967 850 1059 886 tuae
1093 848 1312 886 severitatis
1342 848 1461 886 inter-

321 914 454 953 venire
481 912 486 961 1
514 913 678 951 emissus
710 912 851 950 dicitur
881 914 952 950 etc.
983 912 1026 949 P.

293 977 394 1022 Quid
424 977 572 1026 igitur?
604 976 794 1014 Mentitus
826 977 886 1013 est
916 974 1126 1025 Ugoletus,
1158 975 1206 1012 de
1236 975 1348 1013 libris
1379 987 1460 1013 cor-

205 1042 304 1079 rosis
337 1043 376 1078 et
407 1054 427 1079 e
465 1040 671 1078 ruderibus
708 1039 818 1077 brevi
855 1040 945 1076 ante
982 1038 1103 1076 erutis
1143 1037 1325 1076 locutus?
1373 1039 1462 1076 Non

206 1105 353 1154 opinor.
397 1104 521 1152 Atqui
552 1104 584 1141 si
614 1103 752 1141 habuit
782 1105 953 1140 veterem
983 1101 1162 1148 codicem,
1195 1115 1263 1140 cur
1285 1114 1364 1140 non
1382 1104 1461 1140 tra,-

206 1169 304 1206 didit
341 1167 496 1216 operis?
533 1165 788 1204 Describendi
825 1165 926 1214 eius,
962 1167 1007 1202 ut
1044 1165 1261 1214 descriptus
1286 1165 1393 1204 >liber
1421 1166 1463 1203 in

205 1231 386 1269 manibus
424 1230 579 1268 illorum
615 1231 734 1275 esset,
779 1228 874 1265 satis
911 1229 1016 1265 iusta
1051 1227 1153 1265 ratio
1190 1228 1287 1275 fuit,
1326 1228 1360 1266 si
1395 1240 1463 1266 no-

205 1295 281 1331 luit
307 1293 505 1342 inquinari
528 1293 591 1330 vel
615 1304 772 1340 pessum
798 1290 890 1328 dari·
906 1291 1051 1328 librum
1077 1303 1202 1340 suum,
1227 1291 1462 1340 antiquitate

206 1357 469 1396 verecundum
494 1359 533 1394 et
557 1356 784 1405 pretiosum.
832 1354 979 1392 Verum
1003 1367 1051 1392 ne
1074 1366 1187 1392 suum
1212 1354 1369 1402 quidem
1388 1354 1463 1391 sibi

206 1421 390 1459 habuisse
409 1420 661 1458 indicaverim
680 1419 799 1456 istum
818 1418 974 1466 librum,
990 1419 1214 1456 mutuatum
1226 1418 1356 1466 potius
1376 1429 1462 1455 esse

207 1497 254 1522 ex
291 1483 454 1521 Senensi
489 1483 736 1520 bibliotheca.
797 1482 875 1530 Ita,
919 1480 951 1518 si
986 1480 1206 1529 probabilia
1242 1480 1337 1518 haec
1375 1491 1462 1517 con-

207 1548 300 1596 icio,
331 1560 408 1585 non
438 1546 567 1595 potuit
603 1546 687 1594 ipse
725 1545 791 1582 ille
833 1546 1014 1583 vetustus
1054 1545 1188 1594 codex,
1230 1556 1346 1592 quem
1375 1543 1462 1581 red-

206 1611 298 1649 dere
329 1610 497 1648 debebat
526 1610 811 1657 incorruptum,
844 1609 883 1646 in
916 1607 1110 1646 officinam
1142 1606 1307 1654 demitti,
1336 1619 1462 1655 neque

205 1677 337 1713 tamen
366 1673 547 1711 inmerito
574 1673 686 1710 illum
710 1672 903 1721 Ugoletus
935 1670 1139 1719 descripsit
1164 1671 1209 1707 ut
1233 1669 1461 1708 fundamen-

207 1740 292 1776 tum
325 1749 418 1776 suae
449 1736 641 1775 editionis.

322 1800 553 1838 Firmandae
591 1799 835 1838 coniecturae
872 1798 1020 1836 accedit
1055 1798 1170 1845 illud,
1209 1797 1314 1846 quod
1349 1809 1397 1834 ne
1428 1797 1461 1835 B

207 1865 364 1915 quidem
399 1865 517 1911 liber,
557 1863 658 1900 unde
689 1863 784 1899 nata
814 1862 875 1899 est
908 1861 990 1899 sine
1021 1861 1138 1898 dubio
1169 1861 1391 1899 Parmensis
1423 1863 1463 1899 et

208 1941 323 1978 quem
347 1927 588 1966 intercedere
612 1926 739 1964 iudico
763 1925 867 1962 intra
891 1924 1000 1962 illam
1026 1926 1066 1962 et
1089 1926 1290 1963 vetustum
1315 1924 1362 1962 de
1386 1937 1461 1973 quo

207 1992 400 2041 Ugoletus
440 1990 560 2030 verba
596 1990 690 2027 facit
727 1989 941 2038 exemplar,
983 1989 1067 2037 ipse
1104 1988 1182 2026 fuit
1216 1988 1257 2025 in
1293 1988 1461 2026 officina:

206 2056 315 2094 nulla
346 2056 428 2093 eius
458 2055 578 2092 habet
609 2053 778 2102 vestigia
810 2055 859 2101 et,
891 2052 993 2101 quod
1018 2051 1178 2100 gravius
1204 2052 1275 2099 est,
1305 2050 1463 2089 distinc-

207 2120 333 2158 tiones
361 2131 548 2157 versuum
579 2119 619 2156 et
643 2117 907 2155 membrorum
933 2116 1086 2164 saepius
1113 2115 1335 2164 discrepant
1357 2114 1462 2152 inter

208 2183 240 2221 B
278 2185 317 2221 et
346 2182 394 2232 P,
432 2194 557 2230 neque
594 2181 731 2219 literae
769 2180 954 2229 capitales
993 2178 1139 2217 eisdem
1177 2190 1329 2227 semper
1363 2178 1461 2216 locis
