1604 2488
438 84 864 122 DECLAMATIONES.
904 85 1072 122 CCLXX.
1306 84 1389 127 107

104 205 202 240 tura.
231 195 371 251 fuerit,
403 196 441 238 si
472 195 682 238 vixisset?
716 197 937 251 raptorem
970 208 1073 251 ergo
1101 195 1240 250 perire
1267 209 1391 250 opor-

104 255 199 299 tuit.
259 255 353 298 Iam
396 255 570 298 fortiter
613 255 726 298 dico:
778 255 882 310 quid
931 254 1131 314 interest,
1175 254 1390 310 quomodo

102 314 309 372 perierit?
342 330 417 358 cur
443 329 560 372 ergo,
587 314 624 356 si
649 314 730 357 hoc
755 313 884 357 modo
910 315 1086 370 poterat
1106 288 1254 369 o'eeidi,
1278 313 1391 356 falso

104 375 286 418 alteram
324 375 460 417 filiam
496 373 652 416 eduxi?
691 373 788 429 <si>
821 373 1024 416 dicerem:
1068 374 1210 416 luctus
1243 373 1391 416 confu-

103 433 239 490 derat,
261 433 298 476 si
318 434 516 477 dicerem:
540 433 664 476 dolor
684 433 906 488 suadebat,
923 433 1205 489 ignosceretis
1226 436 1390 475 tamen:

102 507 216 536 nunc
253 493 362 536 mihi
401 493 693 536 necessarium
731 493 962 536 consilium
1000 507 1202 547 praesens
1234 492 1394 534 iniuria

103 552 231 596 dedit.
277 553 383 595 duas
415 553 528 595 filias
559 553 808 604 habueram,
838 554 966 607 rapta
998 555 1090 594 erat
1116 551 1266 606 altera,
1298 566 1392 607 per·

102 611 229 655 ierat:
276 613 508 655 munienda
546 612 698 655 domus
736 611 839 666 fuit,
879 616 922 654 et
970 625 1074 654 voce
1114 611 1393 666 potissimum

104 671 285 714 alterius
311 671 493 728 virginis
520 686 643 714 soror
667 671 935 727 vindicanda,
959 685 1012 713 ne
1040 670 1134 727 quis
1161 671 1392 725 dubitaret,

103 731 204 787 quid
235 731 406 774 factura
438 733 551 773 esset
583 731 686 786 <in>
717 731 875 773 iniuria
907 746 996 773 sua.

193 790 338 833 Partis
394 790 567 846 quidem
623 790 826 832 adversae
877 789 1191 844 impudentiam
1242 789 1391 831 mirari

103 850 211 892 satis
243 864 331 893 non
363 864 555 905 possum.
617 864 791 892 causam
828 849 981 892 mortis
1015 863 1108 891 esse
1141 848 1393 890 existimant

103 923 213 964 eum,
238 912 416 965 propter
441 923 568 964 quem
602 908 759 964 <quis>
791 909 982 964 perierit,
1022 908 1124 962 <et>
1158 922 1255 950 cum
1282 922 1391 962 eum,

101 968 173 1022 qui
218 982 348 1011 causa
390 969 543 1011 mortis
587 967 735 1023 fuerit,
780 967 916 1011 occidi
968 970 1166 1023 oportere
1211 970 1391 1018 constet,

103 1028 184 1081 [et]
234 1030 456 1083 raptorem
510 1027 675 1082 perisse
728 1027 1027 1083 indignantur,
1085 1041 1182 1069 cum
1227 1029 1393 1068 certum

101 1086 172 1142 sit,
202 1086 340 1129 filiam
372 1101 513 1130 meam
543 1090 723 1142 propter
748 1091 967 1142 raptorem
993 1087 1170 1141 perisse.
1209 1085 1292 1128 hoc
1318 1086 1394 1128 isti

101 1160 276 1189 causam
307 1146 462 1189 mortis
494 1148 662 1188 vocant.
719 1161 794 1188 cur
826 1159 929 1201 ergo
963 1146 1151 1188 occisum
1182 1145 1394 1188 vindicari

102 1207 293 1260 oportet,
332 1220 459 1262 quem
491 1208 658 1248 certum
691 1209 772 1260 est,
812 1206 849 1248 si
880 1205 1063 1259 viveret,
1100 1205 1237 1247 occidi
1270 1219 1394 1259 opor-

101 1264 221 1307 tere?
280 1267 324 1307 et
359 1265 466 1308 haec
507 1265 669 1319 omnia,
715 1279 824 1320 quae
870 1279 947 1320 pro
993 1279 1122 1307 causa
1161 1278 1257 1305 mea
1294 1264 1394 1317 dixi,

105 1323 261 1379 quibus
300 1324 475 1380 collegi,
514 1338 582 1366 me
620 1339 708 1367 non
745 1338 839 1366 esse
879 1323 1122 1380 obligatum
1161 1323 1262 1365 huic
1294 1322 1394 1379 legi,

100 1397 191 1425 non
220 1383 432 1439 temporis
472 1398 603 1425 causa
634 1398 711 1425 nec
744 1384 987 1438 praesentis
1019 1382 1200 1438 periculi
1232 1382 1394 1438 fingere

106 1457 175 1484 me
206 1442 276 1484 vel
308 1457 360 1485 ex
392 1456 442 1485 eo
470 1443 751 1484 manifestum
777 1446 854 1497 est,
886 1441 1001 1498 quod
1026 1444 1248 1498 raptorem
1269 1441 1396 1484 aliter

103 1501 250 1544 occidi.
317 1516 420 1544 nam
464 1502 502 1543 si
545 1501 590 1543 id
629 1504 744 1544 esset
783 1516 912 1544 causa
950 1501 1123 1555 mortis,
1167 1501 1283 1557 quod
1320 1500 1395 1542 isti

103 1560 240 1604 videri
270 1561 436 1616 volunt,
467 1560 548 1603 hac
580 1561 675 1617 lege
707 1575 775 1603 me
807 1561 959 1603 ulcisci
990 1560 1244 1616 potuissem.

191 1619 362 1662 Iamdiu
387 1634 468 1676 me,
493 1619 669 1675 iudices,
696 1621 808 1663 circa
833 1620 930 1663 iura
954 1620 1117 1662 morari
1139 1620 1226 1662 scio
1246 1620 1393 1676 longe-

105 1693 187 1735 que
224 1680 455 1722 recessisse
494 1695 519 1722 a
556 1654 748 1734 patei-nis
782 1679 1036 1722 adfectibus.
1098 1693 1202 1735 ergo
1236 1692 1316 1734 ego
1350 1678 1396 1720 ιιι

103 1738 316 1781 ultionem
359 1739 476 1781 filiae
519 1753 641 1782 meae
672 1739 782 1781 nihil
819 1739 920 1791 feci,
964 1739 1051 1781 nisi
1090 1739 1204 1794 quod
1241 1737 1393 1780 licuit?

195 1859 217 1891 3
248 1855 320 1890 hoc
345 1855 456 1892 modo
483 1855 515 1891 si
539 1859 566 1890 B
586 1857 597 1901 ΙΙ
617 1860 639 1891 4
664 1855 752 1903 (si)
778 1855 834 1892 Gr
858 1857 869 1901 ΙΙ
895 1856 1143 1891 confunderat
1167 1858 1195 1889 B
1215 1856 1226 1899 ΙΙ
1247 1858 1267 1890 5
1295 1854 1327 1890 si
1351 1854 1396 1890 li

104 1903 206 1938 ceret
229 1905 341 1946 ABG,
367 1914 460 1939 corr.
487 1903 542 1939 Gr
561 1905 573 1949 ΙΙ
592 1903 805 1950 ignosceret
830 1903 984 1939 istamet
1007 1906 1046 1947 B,
1072 1903 1267 1948 ignoscere
1293 1902 1395 1938 istud

102 1949 229 1986 tamen
253 1953 277 1984 0
307 1951 319 1995 ss
351 1954 370 1986 7
403 1951 614 1987 habuerant
639 1954 692 1985 Aa
723 1951 734 1995 ΙΙ
766 1951 886 1986 altera
912 1950 1032 1986 altera
1057 1953 1144 1984 AbB
1177 1952 1188 1995 ῃ
1226 1953 1247 1985 8
1273 1950 1397 1985 fuerat

103 1998 132 2031 Β
149 1998 162 2043 ΙΙ
179 1997 363 2043 potissum
389 2003 420 2034 A
438 1999 449 2043 ΙΙ
471 2002 515 2034 10
541 1998 636 2046 (in)
661 1998 737 2034 Aer
756 1999 768 2043 ΙΙ
790 2003 832 2033 13
850 1997 1019 2052 *<quis>
1043 2010 1078 2044 p.
1100 1997 1194 2045 (et)
1212 1998 1223 2042 ΙΙ
1246 2001 1290 2032 14
1315 1997 1397 2033 *cui

105 2045 199 2079 Ano
217 2046 229 2091 ΙΙ
248 2045 369 2081 occidi
393 2047 543 2092 oportet
576 2048 614 2082 et
639 2046 732 2081 haec
758 2045 884 2081 omnia
910 2057 1006 2090 quae
1032 2056 1100 2091 pro
1127 2057 1238 2081 causa
1264 2045 1395 2081 mortis

102 2090 215 2128 fuerit
239 2092 360 2128 occidi
386 2095 557 2139 oportere
584 2095 732 2129 constet
758 2095 796 2128 et
820 2095 916 2138 rapt.
944 2096 990 2136 Β;
1024 2091 1145 2128 occidi
1172 2094 1322 2138 oportet
1348 2093 1397 2128 ad

102 2138 196 2174 haec
221 2151 253 2176 o.
280 2153 315 2186 q.
341 2152 378 2186 p.
405 2152 435 2177 c.
462 2154 511 2177 m.
537 2141 564 2177 f.
592 2152 623 2176 o.
646 2152 706 2186 op.
728 2152 756 2176 c.
780 2152 810 2176 e.
838 2144 933 2186 rapt.
961 2141 1014 2185 (ΞΗ
1036 2144 1079 2176 15
1106 2140 1231 2187 *[et]n
1253 2144 1295 2175 16
1322 2140 1397 2176 ista

103 2187 162 2220 Bc
187 2188 199 2232 ΙΙ
227 2191 268 2223 17
294 2188 407 2224 vocat
433 2193 455 2222 c
487 2190 498 2233 ΙΙ
533 2192 575 2223 18
602 2188 723 2223 *esset
748 2191 827 2228 Ac
854 2199 935 2224 esse
961 2191 987 2222 B
1021 2190 1031 2233 ΙΙ
1064 2188 1095 2222 si
1120 2187 1282 2234 viveret]
1311 2198 1396 2222 con-

104 2233 220 2271 staret
242 2237 270 2268 Β
289 2235 300 2279 ΙΙ
320 2239 364 2271 23
393 2236 512 2272 occidi
537 2234 733 2284 (licebat)
746 2235 804 2271 Ro
824 2237 835 2280 ΙΙ
855 2235 946 2280 quid
970 2239 997 2269 B
1018 2238 1028 2280 Η
1048 2240 1094 2270 24
1108 2247 1168 2271 me
1188 2246 1255 2271 om.
1270 2239 1300 2269 A
1320 2237 1330 2280 ΙΙ
1350 2239 1394 2270 26

106 2281 288 2325 pax-ternis
314 2286 344 2316 A
363 2284 374 2328 11
395 2293 465 2329 ego
491 2295 556 2319 om.
584 2287 610 2317 P
629 2284 640 2328 Η
661 2287 705 2319 27
732 2282 875 2319 ultione
901 2286 960 2317 Bc

1420 740 1462 772 10

1422 1036 1464 1068 15

1421 1333 1467 1364 20

1421 1629 1465 1661 25
