1604 2488
30 0 53 58 „rw-³¹

439 100 864 158 DECLAMATmNEs.
890 118 1090 156 cccxxv,
1326 117 1413 161 279

130 227 313 271 inveniri
344 229 506 271 veritas
538 229 689 284 possit.
757 228 818 271 sic
857 241 960 284 ergo
992 226 1316 283 praeparandus
1349 229 1417 270 est

129 286 300 331 animus
349 288 556 343 iudicum,
605 290 655 330 ut
697 288 831 330 etiam
872 287 1108 330 levioribus
1147 286 1414 343 argumentis

129 347 392 390 commoveri
419 347 571 403 possit.
614 347 804 389 Difficile
831 349 898 389 est
923 346 1095 402 quidem
1120 348 1290 400 natura,
1314 360 1415 401 pro-

129 405 234 448 bare
258 407 442 449 tacitum
468 406 569 449 fidei
595 407 889 449 commissum:
916 405 1130 462 quomodo
1150 407 1299 448 tamen
1317 419 1416 460 pro·

128 464 313 508 bamus?
368 465 598 522 quaedam,
635 465 807 508 etiamsi
842 479 920 521 per
953 479 997 508 se
1028 465 1152 507 firma
1182 479 1271 507 non
1303 467 1418 521 sunt,
1443 475 1464 508 5

129 525 454 580 comparatione
492 525 681 568 vincunt.
740 524 956 567 hereditas
989 527 1064 567 aut
1096 524 1151 566 ad
1180 538 1418 580 pauperem

128 584 319 639 pertinet
357 587 433 627 aut
470 584 524 627 ad
556 599 734 627 uxorem
764 584 984 640 pauperis:
1030 584 1066 626 si
1098 583 1151 626 ad
1182 597 1418 639 pauperem

128 656 218 685 non
253 644 462 699 pertinet,
498 644 551 686 ad
587 658 766 687 uxorem
802 643 1002 699 pertinet.
1064 642 1254 699 elogium
1287 643 1420 698 scrip-

128 702 223 744 tum
257 705 323 745 est
354 703 501 758 palam
534 705 648 746 certe
681 705 725 745 et
762 702 1002 745 manifeste.
1053 703 1216 744 electus
1248 701 1320 744 hic
1352 703 1419 744 est

130 761 185 803 ad
222 762 455 805 transitum
495 762 763 805 hereditatis.
824 762 952 804 huius
985 762 1206 804 silentium
1237 763 1281 803 et
1311 760 1418 804 fides
1446 772 1491 805 10

130 821 199 862 est
240 822 388 877 utique
432 822 484 864 de
525 821 794 864 restituenda
829 821 1083 863 hereditate.
1146 834 1250 877 ergo
1290 819 1421 863 debet

133 879 363 922 restituere
389 881 535 937 alicui3
563 881 600 923 si
625 894 712 923 non
737 881 850 937 huic,
876 881 1026 923 statim
1052 881 1293 936 interrogo:
1320 876 1419 922 cui?

219 937 396 982 Habent
437 940 520 982 hoc
551 939 815 983 incommodi
847 939 1165 982 controversiae
1194 938 1419 982 scholasti-

130 1011 225 1053 cae,
263 999 379 1054 quod
411 998 668 1054 quibusdam
701 999 959 1054 respondere
989 1013 1078 1041 non
1108 1000 1308 1054 possunt3
1350 997 1423 1040 sed

129 1056 342 1112 quaedam
372 1058 647 1100 incommoda
671 1058 800 1100 huius
841 1058 1013 1113 generis
1045 1058 1178 1100 etiam
1209 1058 1254 1100 in
1279 1056 1421 1100 forum
1447 1069 1491 1102 15

131 1115 363 1171 aliquando
389 1117 672 1160 descendunt:
699 1119 742 1160 et
767 1117 864 1160 ideo
892 1117 1222 1160 difficultatibus
1249 1130 1420 1172 quoque

126 1175 338 1218 utendum
370 1178 448 1219 est.

551 1258 636 1301 DE
649 1257 998 1300 OLAMATIO.

220 1339 340 1395 Ergo
370 1341 453 1383 tibi
484 1355 571 1383 non
603 1341 795 1384 debetur.
858 1343 1072 1396 superest,
1109 1342 1158 1382 ut
1191 1340 1319 1383 alicui
1350 1341 1421 1383 de-

130 1399 295 1442 beatur.
330 1399 486 1455 „non“,
519 1400 642 1454 dicis,
684 1402 928 1455 „superest,
960 1402 1009 1441 ut
1040 1399 1140 1442 huic
1173 1398 1421 1444 debeatur“.
1446 1411 1493 1444 20

130 1457 231 1500 fidei
268 1461 369 1501 tuae
408 1459 640 1501 commissa
670 1458 890 1501 hereditas
923 1461 1000 1501 est.
1063 1473 1192 1514 quam
1226 1459 1422 1502 commit·

130 1517 250 1559 tendi
283 1531 459 1560 causam
490 1518 725 1574 putamus?
769 1532 943 1560 necesse
977 1519 1042 1560 est
1073 1517 1291 1560 infirmam
1330 1533 1422 1561 esse

129 1590 375 1632 personam,
407 1578 476 1619 cui
506 1578 679 1620 restitui
712 1579 896 1633 oportet.
942 1591 1038 1619 cum
1069 1576 1286 1619 infirmam
1315 1577 1422 1633 dico,

134 1636 258 1689 [non]
298 1636 447 1678 statim
479 1636 762 1679 infirmiorem
794 1636 910 1688 dico,
944 1651 1073 1691 quam
1104 1639 1166 1678 te:
1198 1637 1325 1688 †non
1356 1639 1425 1679 est

131 1694 401 1747 vitavimus†
421 1709 498 1751 per
510 1698 553 1738 te
574 1697 714 1751 ipsam
728 1695 927 1738 fortunae
946 1695 1295 1738 inbecillitatem:
1315 1711 1421 1752 pau·
1448 1707 1494 1740 25

128 1767 277 1810 perem
297 1754 402 1797 fecit
425 1754 640 1798 heredem.
673 1768 776 1810 ergo
798 1757 969 1811 oportet
981 1755 1166 1798 inveniri
1178 1769 1424 1811 personam,

132 1826 242 1868 quae
285 1814 424 1869 possit
466 1829 562 1857 esse
603 1815 683 1857 sub
727 1815 868 1856 tutela
904 1816 998 1869 tua,
1043 1815 1111 1857 cui
1152 1815 1294 1857 minus
1325 1817 1422 1857 tuto

130 1872 356 1915 relicturus
388 1873 521 1916 fuerit
551 1873 850 1929 hereditatem,
883 1888 1013 1928 quam
1037 1873 1133 1915 tibi.
1175 1887 1279 1929 ergo
1306 1874 1423 1916 infir-

227 2003 248 2035 3
273 1999 418 2046 possint
444 2003 496 2034 Ab
522 2001 535 2045 ΙΙ
562 2000 715 2045 quidam
741 2003 772 2035 A
790 2002 802 2047 ΙΙ
821 2004 844 2035 4
870 2000 1028 2036 citatum
1052 2003 1083 2034 A
1100 2001 1112 2045 ΙΙ
1132 2003 1153 2034 8
1180 2001 1371 2046 eulogium
1396 2004 1423 2037 B

132 2073 206 2105 -1’
234 2071 247 2116 ΙΙ
277 2074 322 2106 10
347 2070 458 2106 huius
483 2081 550 2107 om.
577 2074 604 2104 B
633 2073 644 2117 ΙΙ
673 2075 714 2106 11
748 2071 894 2118 utique]
922 2083 998 2116 unq
1023 2074 1069 2115 B,
1102 2055 1167 2118 inq
1191 2075 1218 2106 P
1237 2073 1249 2117 ΙΙ
1276 2076 1318 2107 13
1346 2083 1426 2108 sco-

131 2118 288 2154 lasticae
314 2121 345 2152 A
374 2120 387 2164 ΙΙ
420 2122 465 2153 14
490 2117 556 2154 *et
581 2121 648 2152 AB
684 2120 695 2164 ΙΙ
734 2122 776 2154 15
802 2118 884 2154 foro
910 2121 995 2162 AB,
1028 2099 1119 2155 cdrr.
1150 2119 1206 2155 Gr
1236 2119 1248 2164 ΙΙ
1285 2123 1328 2155 19
1354 2118 1427 2156 tibi

133 2175 201 2202 om.
227 2169 282 2200 Aa
299 2167 311 2211 ΙΙ
331 2169 375 2201 21
404 2167 460 2202 est
486 2165 674 2202 hereditas
699 2169 727 2200 B
746 2167 758 2212 fl
777 2177 851 2211 qua
876 2169 905 2200 A
924 2167 936 2211 ΙΙ
957 2170 1002 2202 24
1029 2166 1136 2214 [non]
1164 2166 1220 2203 Gr
1243 2167 1256 2211 fl
1283 2169 1424 2202 24—25

132 2223 208 2248 non
233 2215 292 2249 est
316 2212 519 2249 vitavimus
546 2216 592 2258 A,
630 2224 705 2249 non
731 2213 954 2249 evitavimus
980 2217 1023 2257 133
1054 2225 1137 2268 'non
1163 2213 1264 2250 enim
1290 2213 1428 2250 vitavit

135 2257 210 2303 Gr,
244 2272 357 2305 quam
395 2262 451 2306 te,
484 2259 636 2309 (quae)
661 2271 736 2296 non
767 2261 968 2297 evitaverit
992 2241 1065 2296 nisi
1089 2273 1157 2308 per
1181 2263 1218 2298 te
1245 2265 1307 2298 etc.
1336 2260 1427 2306 Roll

134 2309 179 2341 26
205 2316 276 2352 ego
302 2310 332 2341 A
350 2309 363 2354 ΙΙ
381 2318 541 2354 persona
567 2311 594 2342 B
