1586 2476
121 729 165 762 10

123 1020 165 1050 15

121 1310 166 1341 20

124 1599 169 1631 25

126 1890 171 1922 30

189 79 245 122 36
628 127 631 129 ,
668 60 969 123 QUINTILIANI

601 185 1042 229 DEOLAMATIO.

277 256 337 298 Ut
368 271 461 298 meo
492 257 666 298 nomine
699 271 791 298 sum
822 257 962 311 vobis,
994 256 1191 311 Quirites,
1221 257 1451 313 obligatus,

190 314 301 369 quod
351 328 609 369 quamquam
657 315 944 357 necessarium
981 317 1036 356 et'
1064 314 1118 356 ad
1148 315 1329 357 salutem
1359 330 1449 371 per-

189 372 330 414 tinens
371 372 557 414 civitatis
613 373 841 415 remedium
887 373 1124 426 praesentis
1166 372 1334 415 timoris
1388 388 1452 416 re-

191 433 337 484 spectu
389 432 535 472 tamen
578 431 661 473 mei
700 430 1064 485 praetermisistis:
1107 431 1170 472 ita
1211 431 1345 486 ipsius
1387 432 1450 473 rei

190 488 387 542 publicae
411 489 584 530 nomine
612 490 783 539 irascor,
807 489 1023 531 neminem
1043 488 1234 530 extitisse
1251 489 1451 544 priorem,

191 546 263 600 qui
293 560 371 600 pro
404 547 540 588 salute
572 548 786 589 communi
816 561 882 589 me
915 546 1126 588 offendere
1152 546 1337 590 auderet.
1380 561 1450 589 ne-

191 618 272 658 que
303 604 347 645 id
379 605 483 646 satis
516 608 598 658 est3
635 605 708 646 sed
738 605 919 655 invenio,
952 605 1024 658 qui
1056 603 1294 659 adulentur,
1325 607 1368 647 et
1397 619 1450 646 116

190 677 215 703 a
247 676 313 703 me
359 663 528 716 quidem
570 664 703 705 latam
744 663 857 705 hanc
898 662 1168 718 rogationem
1209 663 1452 705 existiment

190 722 385 774 respectu
422 721 506 762 mei
544 721 842 775 recipiendam.
903 735 998 762 cum
1038 720 1191 774 quibus
1221 720 1327 762 mihi
1358 735 1453 764 con-

191 778 341 819 sistere
372 778 527 820 fortius
558 781 686 833 atque
718 779 859 833 etiam,
891 779 927 820 si
961 778 1022 820 ita
1058 792 1125 820 res
1152 778 1308 833 exigat,
1339 793 1453 821 acer—

190 836 284 877 bius
303 850 475 878 necesse
501 839 584 879 est:
610 851 705 879 cum
730 837 775 878 in
799 837 843 878 id
868 850 1035 891 quoque
1056 836 1290 890 periculum
1308 837 1451 879 venire

190 894 438 948 intellegam
469 895 687 949 optionem
718 909 868 949 meam,
899 909 955 936 an
984 894 1065 936 hoc
1095 894 1236 937 velim.

279 950 395 994 Satis
427 955 519 994 erat
551 953 657 994 mihi
687 953 844 994 dicere:
882 952 1150 1006 rogationem
1180 951 1272 994 fero
1303 952 1452 994 utilem

191 1009 367 1051 civitati.
427 1010 513 1052 ista
549 1012 660 1052 enim
699 1011 890 1065 speciosa
928 1009 1039 1051 dictu
1083 1014 1125 1052 et
1155 1010 1323 1064 v<a>na
1354 1024 1454 1064 qua-

191 1068 287 1109 dam
332 1068 519 1122 imagine
567 1069 737 1110 honesti
790 1067 1048 1110 circumdata
1090 1082 1178 1109 non
1219 1068 1452 1122 respiciunt

189 1128 436 1179 praesentes
467 1127 764 1180 necessitates;
803 1127 839 1168 si
869 1128 1013 1168 tantas
1044 1126 1156 1167 vires
1187 1125 1366 1168 haberet
1397 1126 1453 1168 ci-

192 1184 314 1238 vitas,
338 1187 386 1225 ut
403 1184 518 1226 bella
537 1186 765 1239 suscipere,
788 1187 838 1226 ut
856 1183 1054 1238 frangere
1073 1184 1258 1238 impetus
1278 1184 1452 1238 tyranni

191 1244 347 1296 posset,
377 1256 463 1283 non
491 1245 582 1284 tam
612 1243 683 1284 diu
715 1243 1003 1295 servissemus‚
1033 1255 1120 1283 non
1150 1241 1275 1283 illum
1307 1255 1453 1284 cruen—

190 1300 405 1341 tissimum
437 1300 654 1342 dominum
687 1314 795 1342 unus
827 1314 879 1341 ex
908 1299 1074 1341 insidiis
1106 1299 1341 1342 occidisset.
1394 1302 1456 1342 at-

193 1372 274 1412 que
317 1371 414 1413 ego,
464 1359 631 1400 etiamsi
681 1358 915 1412 plurimum
960 1371 1050 1399 esse
1092 1358 1245 1399 virium
1286 1357 1333 1399 in
1374 1357 1455 1399 hac

193 1416 367 1458 civitate
399 1419 647 1471 spectarem,
677 1417 784 1458 bene
815 1419 963 1458 tamen
993 1415 1144 1457 redimi
1169 1415 1307 1470 capite
1331 1415 1456 1457 unius

193 1474 296 1515 civis
327 1488 474 1528 pacem
505 1477 711 1528 putarem.
762 1473 886 1516 facile
918 1476 984 1515 est
1007 1473 1092 1515 ista
1115 1473 1161 1515 in
1185 1473 1455 1516 contionibus

195 1535 238 1573 et
270 1532 456 1573 conciliis
488 1532 703 1587 despicere
735 1531 929 1574 dicendo:
962 1532 1047 1572 iam
1076 1531 1117 1582 ι61
1149 1531 1356 1574 exercitus
1382 1531 1458 1574 ho-

196 1589 327 1631 stium
358 1590 470 1630 intra
501 1590 606 1631 fines
637 1592 808 1631 nostros
839 1589 981 1643 fuerit,
1013 1590 1050 1630 si
1081 1589 1226 1630 ardere
1256 1589 1396 1644 villas,
1421 1589 1458 1631 si

194 1647 403 1702 frugifera
430 1647 599 1701 succidi,
632 1647 669 1689 si
699 1647 847 1702 fugam
878 1647 1132 1688 rusticorum
1160 1647 1204 1688 in
1228 1647 1387 1700 urbem,
1420 1647 1458 1688 si

195 1705 416 1759 compulsa
446 1706 560 1747 intra
590 1719 732 1747 muros
764 1719 918 1759 pecora
948 1704 1190 1759 viderimus,
1225 1705 1262 1746 si
1291 1705 1458 1746 moenia

195 1763 567 1818 oppugnabantur,
599 1762 636 1804 si
659 1764 798 1804 turres
825 1762 1081 1818 quatientur,
1114 1762 1150 1803 si
1176 1762 1230 1804 ad
1255 1762 1457 1805 dilectum

196 1821 250 1863 ab
282 1821 478 1876 amplexu
511 1823 696 1863 matrum
726 1821 898 1863 iuvenes
929 1820 1163 1874 rapientur:
1203 1835 1332 1876 quam
1364 1834 1458 1863 sero

195 1880 432 1934 paenitebit
451 1882 541 1921 tam
562 1893 659 1922 caro
680 1879 753 1920 uni
771 1878 1040 1934 pepercisse?
1071 1878 1129 1920 Et
1143 1879 1179 1920 si
1198 1878 1299 1934 quid
1316 1882 1460 1921 tamen

290 1951 311 1981 2
337 1948 378 1982 ut
402 1958 468 1982 om.
493 1951 519 1980 Ρ
551 1948 562 1991 Η
594 1946 665 1982 sim
690 1949 716 1980 B
742 1947 753 1991 ΙΙ
780 1950 799 1980 5
825 1946 878 1981 ita
903 1956 967 1981 om.
994 1949 1020 1979 P
1038 1946 1050 1990 ΙΙ
1069 1950 1088 1981 9
1115 1945 1300 1981 existimet
1323 1949 1425 1980 B-r
1448 1946 1462 1992 ΙΙ

200 1998 243 2028 10
268 1993 426 2029 consiste
445 1993 503 2029 ΧΧ
523 1996 586 2037 Aa,
613 1993 813 2028 consistete
839 1996 908 2036 Ab,
934 1993 1102 2028 resistere
1126 1995 1153 2026 B
1184 1993 1195 2037 ΙΙ
1228 1996 1270 2027 11
1296 1992 1459 2028 acer-vius

197 2043 226 2073 A
246 2041 257 2085 ΙΙ
279 2044 320 2074 13
347 2040 552 2086 optionem]
579 2040 813 2085 rogationem
837 2039 922 2082 Aer,
947 2039 1007 2074 sed
1031 2039 1076 2082 cf.
1096 2039 1343 2075 scholasticam
1360 2039 1461 2074 illam

197 2087 304 2131 Zeyem
329 2087 647 2132 tyrannicidarum
671 2087 713 2121 in
737 2087 836 2122 decll.
862 2088 945 2121 288.
967 2087 1048 2121 345.
1069 2088 1143 2121 382
1178 2086 1189 2130 ΙΙ
1229 2089 1269 2120 15
1297 2084 1459 2120 civitatis

197 2135 276 2167 ΔαΒ
295 2134 306 2177 ΙΙ
326 2132 474 2180 v<a>na
486 2133 561 2168 Aer
579 2134 591 2177 ΙΙ
611 2137 654 2168 16
680 2133 791 2178 imag.
817 2132 975 2167 hominis
999 2133 1085 2167 tam.
1102 2131 1185 2167 circ.
1205 2134 1232 2165 B
1251 2132 1262 2175 11
1281 2131 1463 2176 recipiunt

196 2180 282 2215 Ran
314 2180 325 2224 11
357 2183 399 2214 21
426 2180 578 2214 *virium
605 2182 683 2222 AB,
715 2179 810 2224 quod
834 2180 968 2223 probat
1001 2178 1058 2214 Ro
1087 2180 1099 2224 ΙΙ
1130 2182 1175 2213 24
1201 2178 1362 2213 consiliis
1385 2180 1461 2222 AB,

197 2236 287 2263 corr.
314 2226 367 2262 Θῆ·
385 2227 397 2271 ΙΙ
416 2226 493 2260 dis
505 2230 529 2271 p
554 2229 583 2259 A
602 2227 612 2270 ΙΙ
633 2226 812 2271 dispicere
838 2228 900 2269 Aa,
926 2228 1027 2261 om.B
1046 2226 1058 2270 ΙΙ
1077 2228 1120 2260 28
1147 2224 1360 2269 quatiantur
1385 2227 1414 2258 A
