1604 2488
253 83 340 126 302
734 83 1031 126 QUINTILIANI

254 190 372 233 erat?
421 193 469 232 ut
501 189 770 232 occideretur.
819 189 920 244 quid
949 190 1127 232 interest
1156 191 1238 234 hoc
1267 205 1350 246 qua
1386 191 1512 248 lege?

253 248 353 304 quid
384 248 575 302 interest,
604 261 685 302 quo
718 260 871 302 genere
901 247 1074 289 iudicii?
1121 248 1214 292 fieri
1240 263 1328 292 non
1357 251 1511 305 potest,

251 310 300 349 ut
331 306 399 347 hic
430 305 571 360 capite
600 306 868 360 periclitatus
901 306 970 359 sit,
1004 308 1046 347 et
1075 308 1123 348 tu
1151 320 1238 349 non
1267 307 1419 362 capitis
1445 322 1511 350 ac-

252 377 480 406 cusavens.

205 433 225 463 5
339 421 564 463 Praeterea
595 436 723 477 quam
752 423 953 475 putamus
979 420 1110 463 fuisse
1136 435 1306 465 causam
1331 423 1512 465 conscri-

250 479 412 522 bendae
448 479 557 534 legis
593 479 798 521 huiusce?
851 479 962 521 hanc
1000 479 1112 521 enim
1148 494 1246 522 cum
1282 481 1509 523 excusseri-

250 552 358 580 mus:
390 538 627 592 apparebit,
657 538 702 578 in
732 537 860 579 istam
891 551 1055 591 quoque
1085 539 1250 592 partem
1281 539 1396 581 satis.
1417 552 1511 580 esse

249 598 432 639 cautum.
492 596 563 637 »si
602 595 713 650 quis
751 595 938 650 capitis
971 596 1295 638 accusaverit
1330 598 1381 638 et
1410 610 1510 638 non

249 653 584 707 damnaverit,
609 654 717 707 ipse
738 653 903 708 capite
922 652 1205 707 puniatur.«
1237 653 1331 710 hoc,
1349 655 1511 709 opinor,

181 723 224 754 10
249 712 314 753 illi
345 711 568 753 iustissimi
595 712 704 766 legis
731 711 904 753 huiusce
929 711 1088 753 latores
1116 713 1425 767 spectaverunt,
1454 726 1510 754 ne

249 770 343 824 quis
379 770 551 824 impune
588 770 713 812 alteri
748 769 982 824 periculum
1025 770 1220 812 adferret.
1290 769 1510 812 homicidii

248 840 382 882 genus
420 830 693 882 putaverunt,
733 830 876 882 petere
915 827 1113 882 spiritum
1141 828 1347 881 hominis,
1385 841 1510 882 quem

248 885 382 928 occidi
415 900 502 928 non
538 888 765 940 oporteret.
824 888 873 927 tu
907 886 990 928 hoc
1019 886 1175 928 fecisti:
1213 886 1420 928 accusasti
1449 885 1511 927 in—

245 946 489 998 nocentem;
521 944 558 985 si
587 944 669 986 tibi
699 944 906 986 creditum
937 947 1061 997 esset,
1094 943 1307 998 periturus
1339 946 1431 986 erat
1460 943 1511 998 is,

179 1012 220 1044 15
247 1016 373 1057 quem
405 1002 625 1044 accusasti.
667 1002 827 1043 iudices
859 1001 1008 1043 eodem
1037 1004 1231 1056 tempore
1261 1001 1312 1043 de
1346 1004 1390 1043 te
1414 1015 1509 1055 pro-

235 1059 563 1102 nuntiaverunt.
609 1073 695 1101 non
725 1062 870 1113 potest
901 1060 1074 1101 omnino
1104 1060 1189 1101 ista
1219 1057 1510 1101 circumscribi

245 1118 396 1172 religio
429 1119 471 1158 et
501 1117 704 1160 severitas
735 1117 892 1171 iudicii,
923 1120 971 1158 ut
994 1131 1080 1159 non
1104 1131 1288 1172 poenam
1313 1117 1385 1159 det
1409 1130 1510 1171 pars

244 1175 460 1218 utralibet.
519 1175 602 1217 hoc
649 1175 867 1229 absoluto,
910 1176 981 1229 qui
1018 1175 1231 1229 periturus
1266 1174 1367 1228 fuit,
1410 1187 1509 1216 con-

244 1233 365 1275 tinuo
391 1232 435 1274 id
461 1246 627 1288 quoque
654 1235 926 1275 consecutum
951 1234 1028 1287 est,
1058 1234 1107 1274 ut
1129 1232 1210 1274 tibi
1235 1235 1348 1274 esset
1370 1245 1511 1286 poena

175 1302 219 1334 20
246 1290 459 1346 patienda.

332 1348 419 1404 „At
449 1348 563 1391 enim
593 1349 722 1391 tertio
752 1351 921 1391 tantum
952 1348 1204 1390 iniuriarum
1230 1347 1436 1402 accusavi,
1466 1350 1510 1390 et

244 1410 294 1450 tu
323 1407 391 1450 bis
423 1407 509 1448 iam
541 1406 765 1449 damnatus
791 1421 884 1448 eras
909 1405 1200 1448 iniuriarum.“
1247 1405 1358 1455 Quid
1378 1406 1508 1448 inter-

245 1468 328 1520 est,
366 1479 474 1521 quae
511 1479 579 1507 res
610 1465 757 1508 fecerit
787 1464 902 1507 istud
933 1464 1086 1519 capitis
1117 1463 1348 1506 iudicium?
1406 1477 1508 1505 nam

245 1526 287 1565 et
316 1526 364 1565 tu
397 1524 556 1566 crimen
587 1523 760 1578 gravius
792 1522 1005 1576 obiecisti,
1043 1537 1169 1576 quam
1200 1522 1363 1577 priores
1395 1521 1508 1564 obie-

173 1591 217 1623 25
245 1584 402 1624 cerunt.
451 1582 515 1623 vis
547 1582 667 1636 scire,
698 1595 826 1636 quam
856 1581 937 1622 hoc
968 1594 1116 1622 verum
1149 1580 1236 1622 sit?
1266 1595 1343 1622 -ε
1375 1579 1508 1622 semel

242 1639 496 1682 iniuriarum
521 1639 725 1681 damnato
751 1638 1006 1693 ignoscitur:
1038 1638 1145 1680 illud
1169 1640 1307 1680 morte
1333 1637 1507 1693 dignum

241 1697 421 1751 videtur,
452 1697 488 1738 si
513 1697 561 1747 is,
593 1697 665 1751 qui
690 1697 757 1739 bis
786 1696 874 1737 iam
899 1697 1124 1738 damnatus
1151 1699 1216 1738 cst
1244 1696 1508 1749 iniuriarum,

242 1755 452 1810 (iterum)
474 1754 588 1796 fecit.
620 1755 706 1796 iam
730 1754 812 1796 hoc
830 1754 918 1796 tale
938 1753 1120 1808 videtur,
1140 1754 1263 1808 quale
1287 1753 1504 1795 hominem

242 1814 442 1856 occidere.
474 1825 576 1867 ergo
595 1815 643 1854 tu
661 1813 705 1853 id
725 1812 932 1866 obiecisti,
953 1811 1065 1867 quod
1083 1812 1153 1854 lex
1171 1813 1308 1854 morte
1329 1810 1506 1866 dignum

171 1881 216 1913 30
241 1872 421 1926 putavit,
436 1870 547 1926 quod
559 1871 628 1913 lex
642 1871 779 1925 capite
795 1870 976 1912 taxavit:
997 1869 1150 1925 capitis
1164 1882 1264 1925 ergo
1279 1868 1505 1911 accusasti.

328 1929 423 1972 Hoc
460 1929 553 1971 loco
591 1930 681 1971 iure
720 1928 886 1983 depulsi
923 1927 976 1970 ad
1014 1927 1203 1970 convicia
1239 1926 1506 1983 confugiunt.

243 1988 343 2044 „Bis
370 1991 516 2030 tamen
534 1987 786 2029 iniuriarum
805 1986 1030 2028 damnatus
1057 1988 1132 2028 est.
1142 1984 1162 2007 “
1199 1985 1375 2028 Poterat
1397 1984 1504 2026 mihi

335 2093 356 2124 8
383 2089 570 2125 cauditum
595 2092 648 2123 Aa.
671 2091 683 2134 ΙΙ
705 2093 746 2124 12
772 2100 887 2134 genus
912 2099 977 2124 om.
1002 2092 1028 2122 P
1047 2089 1058 2132 ΙΙ
1081 2092 1124 2122 13
1150 2086 1340 2123 occidendi
1363 2097 1437 2122 non
1463 2089 1504 2130 A,

239 2148 313 2173 non
338 2136 527 2172 occidendi
550 2139 577 2169 B
602 2138 614 2182 ss
640 2139 683 2171 16
709 2134 890 2171 conscribi
913 2137 939 2168 B
959 2136 971 2180 ΙΙ
995 2139 1039 2170 22
1066 2134 1142 2170 iam
1166 2144 1231 2170 om.
1256 2135 1287 2167 A
1303 2135 1316 2179 ΙΙ
1337 2137 1379 2170 28
1404 2131 1502 2180 (ite-

239 2195 321 2219 rum
344 2184 398 2219 vel
422 2182 598 2235 tertium>
623 2182 713 2225 Sch,
738 2182 801 2226 qui
825 2181 882 2217 bis
906 2181 982 2216 iam
1007 2181 1206 2217 damnatus
1232 2181 1306 2224 est,
1331 2179 1503 2214 iniuriam

239 2230 329 2266 fecit
352 2230 427 2265 Aer
445 2230 455 2273 Η
475 2229 629 2264 obecisti
654 2232 683 2263 A
702 2231 713 2274 ΙΙ
733 2233 777 2264 30
802 2230 882 2264 tax
907 2231 936 2261 A
