1604 2488
382 107 806 144 DECLAMATIONES.
827 106 1066 144 OCLXXXII.
1287 105 1370 148 147

564 250 892 296 CCLXXXII.

347 334 669 389 Tyrannicida
700 335 831 379 veste
861 334 1110 378 muliebri.

85 417 442 462 TYRANNICIDAE
475 429 727 461 PRAEMIUM.
775 417 1003 474 Tyrannus
1037 432 1134 460 cum
1159 417 1205 459 in
1232 431 1372 460 arcem

205 478 303 522 duci
334 479 533 521 iussisset
565 478 788 521 cuiusdam
820 492 1025 533 sororem,
1056 477 1192 519 frater
1218 476 1374 519 habitu

204 538 365 582 sororis
404 537 599 581 ascendit
642 541 686 581 et
730 537 885 580 oceidit
914 539 1158 592 tyrannum.
1222 536 1372 579 eodem
1401 546 1421 578 5

204 598 359 640 habitu
380 597 662 653 magistratus
682 597 760 653 illi,
779 597 960 653 praemii
973 597 1162 652 nomine,
1184 598 1373 638 statuam

210 657 454 700 collocavit.
503 656 756 699 iniuriarum
788 671 886 698 reus
919 659 998 698 est.

502 784 955 829 DECLAMATIO.

177 870 360 912 Animus
392 869 502 911 liber
535 872 612 924 est,
647 883 726 911 neo
757 869 953 924 interest,
986 884 1070 925 quo
1103 869 1256 912 habitu
1291 872 1374 911 sta-

87 932 162 971 tua
192 930 392 984 ponatur.
435 928 558 971 varia
590 928 793 983 gentibus
820 929 1085 971 consuetudo
1113 931 1190 983 est,
1222 932 1266 970 et
1291 928 1373 971 hoc
1402 939 1444 971 10

88 988 167 1030 tibi
198 988 425 1030 honestius
458 988 557 1030 erit:
600 988 713 1030 inter
741 988 903 1031 multos
929 987 1223 1043 tyrannicidas
1250 990 1372 1031 nota-

85 1047 186 1090 bilis
219 1047 320 1103 eris,
358 1047 403 1089 in
433 1046 584 1089 eadem
613 1061 678 1102 re,
715 1047 760 1089 in
793 1061 877 1102 qua
907 1062 987 1103 pro
1022 1062 1169 1091 sorore
1201 1047 1371 1090 venisti.

84 1106 200 1149 bella
232 1121 402 1162 quoque
433 1105 613 1149 insidias
644 1106 821 1149 habent.
868 1108 1015 1150 statua
1047 1121 1150 1163 ergo
1182 1109 1259 1149 tua
1286 1121 1373 1149 non

87 1165 364 1220 transibitur;
396 1165 572 1208 habitus
605 1165 747 1221 faciet,
778 1169 828 1208 ut
858 1167 1131 1222 interrogent
1161 1169 1374 1208 transcur-

86 1226 243 1268 rentes.
300 1226 388 1267 iam
418 1225 496 1267 illa
520 1227 719 1280 tempora
751 1226 909 1281 cogita,
942 1226 1099 1281 quibus
1133 1240 1263 1268 senex
1296 1225 1373 1267 ali·
1402 1236 1444 1267 15

89 1284 184 1339 quis
215 1284 423 1339 narrabit,
454 1284 587 1326 fuisse
619 1287 675 1339 te,
712 1285 785 1339 qui
815 1285 1198 1340 inexpugnabilem
1232 1299 1374 1327 arcem

86 1344 272 1386 intrares
303 1358 383 1398 pro
416 1358 582 1386 sorore:
623 1358 805 1398 puerum
838 1344 976 1386 adhuc
1005 1344 1158 1387 fecisse
1189 1344 1374 1387 fortiter.

87 1402 216 1461 debes
255 1402 391 1457 igitur
428 1401 536 1444 mihi
574 1402 846 1455 beneficium,
886 1403 999 1458 quod
1036 1403 1374 1459 tyrannicidium

87 1463 211 1504 tuum
245 1475 414 1518 semper
446 1462 773 1504 monstrabitur.

548 1613 907 1659 CCLXXXIII.
1402 1627 1446 1659 20

433 1695 636 1750 cynicus
669 1696 842 1741 diserti
873 1698 1021 1742 filius.

87 1781 288 1824 Disertus
320 1779 530 1837 Cynicum
562 1781 700 1823 filium
733 1781 917 1824 abdicat.
959 1781 1004 1825 C.
1037 1782 1090 1825 D.

503 1911 543 1953 D
552 1911 589 1953 E
600 1909 633 1953 C
642 1910 677 1952 L
686 1911 726 1953 A
733 1911 779 1953 M
787 1911 826 1953 A
835 1912 870 1953 Τ
879 1911 900 1953 Ι
909 1912 955 1955 Ο.

176 1994 229 2037 In
258 2007 526 2049 quacumque
552 1996 675 2048 parte
701 2008 787 2036 non
814 1997 1038 2049 parentem
1066 1995 1178 2038 iuste
1205 1996 1374 2039 abdica-

184 2115 205 2147 6
230 2110 269 2146 il.
295 2109 477 2156 premiine
505 2110 548 2145 st.
576 2112 641 2151 Aa,
667 2110 704 2145 il.
732 2110 864 2155 premii
892 2112 936 2147 st.
958 2114 1010 2145 Ab
1031 2113 1042 2156 Η
1064 2115 1107 2147 10
1134 2113 1173 2148 et
1193 2123 1237 2148 ac
1255 2115 1282 2149 t.
1303 2116 1375 2148 Aa*

89 2162 131 2194 11
156 2158 336 2194 honestus
362 2160 416 2192 Aa.
434 2159 447 2202 ΙΙ
466 2158 546 2192 erat
571 2160 650 2201 AB,
677 2168 768 2193 corr.
796 2157 850 2193 Gr
869 2159 881 2203 ΙΙ
902 2163 1040 2194 11-12
1067 2160 1279 2196 notatibilis
1304 2161 1375 2196 erit

86 2208 141 2240 Aa
176 2206 188 2252 ΙΙ
225 2205 282 2252 re]
309 2206 411 2240 veste
438 2204 492 2240 Gr
511 2205 522 2250 ΙΙ
545 2208 588 2239 14
607 2211 647 2241 Ν
668 2208 698 2239 A
717 2205 728 2250 ΙΙ
747 2205 923 2241 transibit
947 2208 989 2241 ut
1013 2207 1049 2244 h.
1075 2210 1102 2241 B
1122 2209 1134 2254 ss
1154 2212 1198 2243 15
1226 2208 1328 2254 cogit
1353 2219 1375 2242 a

88 2263 150 2296 qu.
173 2255 202 2287 B
229 2253 242 2298 ΙΙ
270 2257 315 2288 16
341 2252 430 2298 quin
456 2264 538 2298 exp.
565 2255 612 2296 A,
640 2253 703 2296 qui
729 2264 810 2298 exp.
835 2255 862 2287 B
891 2254 903 2299 ΙΙ
934 2258 974 2288 17
1000 2266 1063 2303 Μ)
1091 2266 1217 2292 sorore
1243 2259 1272 2290 A
1292 2256 1303 2300 Η
1328 2259 1367 2290 21

88 2297 235 2335 Cinicus
259 2302 287 2334 B
307 2300 381 2345 1122
403 2299 569 2336 Cinicum
595 2303 625 2333 A
645 2301 656 2345 Η
676 2303 720 2335 24
750 2307 790 2336 Ν
820 2303 850 2335 Δ
869 2302 880 2346 ΙΙ
904 2313 978 2337 non
1004 2303 1159 2347 parente
1185 2306 1211 2336 B

1090 2361 1160 2396 10*
