1604 2488
145 822 186 852 10

143 1110 186 1140 15

140 1400 185 1430 20

140 1688 185 1719 25

219 115 240 155 1
249 114 303 155 14
678 115 978 158 QUINTILIANI

217 222 527 264 controversiae
571 223 773 264 maiorem
810 224 1022 264 cumulum
1063 223 1241 267 habent:
1285 225 1471 268 occisum

214 279 473 333 praesidium
506 282 550 321 et
581 294 806 334 oppressus
831 280 967 322 hostis
993 283 1037 322 et
1059 282 1173 324 filius
1196 282 1268 324 ille
1293 285 1337 325 et
1355 283 1474 337 <mu-

215 338 319 390 lier>
350 337 430 378 hac
462 351 590 379 causa
620 352 792 392 egressa
821 341 981 392 portas.
1034 339 1139 381 haec
1167 339 1360 383 themata
1387 344 1473 383 traa-

216 394 369 436 etanda
414 397 513 436 sunt
555 397 716 451 omnia3
753 397 826 438 sed
863 410 988 438 curae
1026 397 1282 453 habendum,
1317 401 1367 440 ut
1396 413 1472 442 suo

220 452 403 507 quidque
434 453 527 495 1000
558 455 777 496 tractetur.

634 568 1072 612 DECLAMATIO.

302 637 395 687 Qui
426 639 632 692 publica
664 639 884 682 consilia
914 639 1274 696 enuntiaverit,
1305 642 1473 696 eapite

212 697 471 749 puniatur.

302 753 483 795 Possum
509 754 666 808 mirari,
690 754 859 809 iudices,
885 754 966 797 hac
990 756 1086 811 lege
1103 770 1221 798 ream
1241 770 1333 799 esse
1351 757 1471 799 femi-

211 826 328 864 nam3
346 826 481 866 neque
490 812 689 865 <id>ideo
709 812 815 867 dico,
834 814 1035 867 quoniam
1052 828 1140 856 non
1153 814 1282 856 etiam
1297 815 1470 869 gravius

211 869 468 923 puniendum
504 870 577 923 sit,
617 871 654 912 si
690 874 875 912 mentem
906 871 1145 925 prodendae
1175 873 1237 914 rei
1267 873 1474 928 publicae,

211 927 446 981 perdendae
487 928 676 969 civitatis
713 928 758 969 in
794 928 875 970 hoc
914 943 1014 970 sexu
1057 929 1472 984 deprehenderimus:

214 985 286 1026 sed
323 985 493 1038 publica
530 986 708 1027 consilia
745 987 955 1039 quomodo
992 987 1036 1027 in
1071 987 1275 1029 feminam
1317 988 1472 1030 cecide·

212 1042 310 1095 rint,
335 1043 522 1084 invenire
547 1058 633 1085 non
657 1057 842 1097 possum.
881 1059 1007 1099 quam
1034 1045 1203 1098 quidem
1223 1058 1303 1100 ego
1322 1048 1472 1099 postea

213 1100 401 1142 adfectus
438 1102 694 1143 necessitate
731 1102 881 1143 merito
920 1101 1158 1144 defendam:
1195 1103 1368 1144 interim
1404 1103 1472 1145 de-

212 1158 381 1199 fendere
418 1159 558 1200 verbis
595 1159 703 1213 legis
741 1159 850 1200 volo.
916 1159 1028 1201 Nam
1063 1162 1113 1201 ut
1148 1160 1386 1202 confiterer·
1410 1161 1470 1203 sic

213 1216 423 1257 enuntiari
454 1217 649 1269 consilia,
681 1217 787 1258 satis
818 1220 988 1270 poterat
1017 1220 1163 1259 tamen
1189 1218 1401 1260 vindictae
1425 1219 1471 1260 in

213 1288 306 1314 eam
332 1288 560 1327 expensum
586 1274 717 1316 videri
741 1289 816 1328 per
840 1278 1074 1317 tormenta:
1097 1275 1246 1318 deinde
1269 1289 1347 1318 1100
1371 1290 1468 1318 con-

213 1332 308 1372 silia
350 1333 590 1374 enuntiasse
633 1332 817 1387 videtur,
861 1348 968 1387 quae
1010 1334 1135 1376 nobis
1177 1347 1323 1375 rursus
1367 1333 1467 1388 quid

210 1389 346 1431 hostis
380 1393 526 1445 ageret
554 1390 779 1432 nuntiavit.
828 1391 929 1445 quid
961 1391 1071 1433 enim
1103 1391 1256 1434 dicitur
1288 1391 1471 1433 fecisse?

211 1448 421 1490 indicasse
459 1448 602 1489 venire
639 1449 805 1490 auxilia.
873 1449 955 1490 1100
990 1463 1126 1503 neque
1163 1452 1335 1492 nostrae
1371 1449 1470 1491 civi-

210 1506 315 1546 tatis
349 1508 414 1547 est
445 1506 685 1559 consilium,
721 1521 858 1560 neque
893 1507 1022 1548 ullius
1055 1507 1229 1549 alterius
1259 1507 1346 1549 iam
1376 1510 1470 1548 tan-

209 1566 301 1604 tum
347 1564 586 1605 eonsilium.
646 1564 867 1605 enuntiare
903 1579 1003 1606 vero
1042 1565 1157 1607 aliud
1193 1579 1302 1619 esse,
1344 1579 1470 1619 quam

210 1621 419 1674 confiteri,
461 1635 586 1662 nemo
626 1621 728 1662 adeo
766 1622 939 1676 ignarus
978 1626 1042 1664 est
1072 1623 1290 1676 loquendi,
1324 1625 1373 1664 ut
1401 1636 1470 1663 110-

214 1679 333 1720 sciat.
378 1679 615 1720 enuntiatio
645 1679 908 1720 voluntatem
939 1679 1068 1721 habet
1099 1683 1141 1721 et
1171 1680 1359 1721 animum
1383 1694 1470 1721 non

212 1739 417 1790 coactum,
449 1736 656 1778 confessio
685 1751 925 1791 expressam
950 1737 1093 1778 dolore
1125 1738 1260 1779 multo
1290 1738 1469 1779 necessi-

209 1797 354 1835 tatem.
410 1793 491 1835 Sed
522 1795 743 1850 intellego,
779 1809 866 1836 non
896 1809 990 1836 eam
1022 1809 1112 1836 esse
1143 1809 1388 1850 personam,
1419 1795 1469 1836 de

212 1867 297 1906 qua
327 1852 553 1908 loquimur,
583 1854 630 1893 ut
659 1852 763 1894 satis
790 1853 847 1894 sit
872 1853 1054 1894 eximere
1079 1867 1172 1894 eam
1198 1852 1468 1895 accusationi.

299 1910 411 1952 Volo
456 1911 519 1952 ire
561 1924 636 1965 per
673 1911 860 1965 singula,
904 1925 999 1952 cum
1035 1913 1179 1952 tamen
1214 1910 1321 1952 illud
1351 1910 1469 1965 prius

306 2028 321 2058 1
350 2025 548 2059 tumultum
574 2028 644 2068 Aa,
682 2025 863 2059 tumulum
890 2027 958 2068 Ab,
995 2024 1197 2060 cumultum
1220 2026 1317 2070 3112
1342 2023 1467 2071 *<11111-

207 2069 322 2115 lier>3
349 2070 494 2117 (haec)
506 2071 563 2105 Ro
582 2071 594 2115 ss
613 2075 633 2104 9
658 2071 789 2106 mirare
814 2074 866 2104 Aa
884 2072 896 2115 ss
913 2070 1088 2106 iudicium
1113 2081 1156 2105 ac
1180 2071 1203 2105 1.
1229 2074 1259 2104 Δ
1277 2073 1288 2115 ΙΙ
1310 2075 1351 2105 10
1376 2070 1468 2117 <id>

207 2116 290 2151 ideo
319 2116 372 2151 Gr
397 2118 408 2161 ΙΙ
436 2118 618 2160 quomodo
643 2120 669 2150 B
695 2119 705 2162 ΙΙ
727 2122 766 2151 11
793 2117 979 2162 punienda
1002 2119 1080 2160 AB,
1113 2128 1202 2152 corr.
1228 2117 1284 2151 Ro
1303 2117 1315 2161 ΙΙ
1335 2120 1377 2151 17
1401 2127 1466 2160 pa·

207 2164 305 2197 terat
329 2165 398 2205 Aa,
425 2163 562 2207 poterit
585 2167 611 2196 P
635 2165 646 2208 ΙΙ
670 2167 713 2198 22
741 2165 795 2198 est
819 2174 884 2198 om.
910 2166 936 2197 B
955 2164 967 2208 ss
991 2162 1090 2198 illius
1113 2165 1234 2207 31125
1260 2163 1466 2197 enuntia-

207 2209 272 2243 tio
297 2210 368 2290 ΔΒΗ
398 2213 441 2244 26
468 2210 695 2245 confessio
721 2213 750 2243 A
781 2210 792 2254 ΙΙ
823 2210 982 2255 expressi
1008 2209 1143 2245 doloris
1168 2212 1194 2242 B
1226 2211 1237 2255 Ι(
1262 2209 1389 2244 dolore
1412 2209 1466 2244 in-

211 2255 283 2290 vito
347 2267 394 2290 (m
