1578 2470
426 114 855 153 DECLAMATIONES.
882 114 1009 153 CCCL.
1276 115 1362 157 379

74 243 179 272 num
210 242 316 283 esse,
346 228 396 269 ut
424 225 694 283 praedictum
726 226 794 268 sit.
838 225 886 268 in
918 239 1098 280 summa,
1131 224 1234 280 quid
1263 224 1362 279 plus

75 288 170 345 pati
200 287 403 342 potuerat
421 285 685 340 adulescens,
705 285 742 327 si
761 299 972 327 venenum
988 284 1200 326 bibisset?
1232 298 1364 339 pona-

79 362 174 390 mus
199 361 252 389 ex
278 346 415 388 altera
439 346 563 401 parte
587 343 712 387 illam
737 344 973 399 potionem,
998 343 1118 386 cuius
1139 346 1187 386 tu
1206 357 1364 385 nomen

74 405 257 450 subinde
290 406 445 461 iactas3
483 418 595 460 pone
628 418 679 446 ex
711 404 847 446 altera
877 404 1118 459 potionem,
1151 418 1283 458 quam
1314 405 1363 444 tu

75 465 248 509 dedisti:
293 465 343 506 de
387 466 573 519 utraque
610 462 723 506 idem
761 463 916 505 medici
953 462 1109 505 dicent.
1173 463 1209 505 si
1251 461 1363 504 nihil
1390 471 1411 502 5

78 525 262 568 interest
293 524 460 577 mortis,
491 522 603 566 nihil
634 522 817 565 interest
847 522 1054 566 criminis.
1104 528 1106 530 ’

32 628 35 630 ,
163 583 285 627 Haec
322 583 376 626 ad
413 583 499 625 ius:
544 582 618 625 sed
650 582 705 624 ad
734 597 853 624 ream
885 581 974 638 legi
1006 595 1109 624 suae
1141 581 1364 636 adplican-

74 643 175 686 dam
226 658 331 686 sane
370 644 612 685 scrutemur
643 644 687 684 et
719 641 924 684 animum.
977 656 1066 684 non
1099 641 1215 693 dico,
1255 655 1364 695 quae

75 704 151 757 sit,
196 717 305 759 quae
343 701 528 744 dederit:
571 701 747 743 interim
787 701 869 743 hoc
899 701 1160 755 respondeo,
1205 715 1365 756 aquam

75 762 283 818 frigidam
327 761 456 804 dedit.
525 775 630 802 sane
670 760 826 803 medici
869 775 959 803 non
996 760 1233 814 vetuerint,
1277 774 1367 802 non
1394 768 1437 799 10

75 821 320 865 timuerint:
366 821 471 863 satis
512 822 594 875 est,
643 835 732 863 non
768 820 1072 875 permiserunt.
1133 833 1365 874 personam

75 896 164 924 non
190 895 337 935 onero,
362 879 735 922 denuntiationem
761 879 1005 921 dissimulo:
1035 878 1194 921 dedisti
1221 893 1367 935 aegro,

77 940 191 995 quod
228 942 355 995 pater
391 953 480 981 non
519 939 719 981 dedisset.
782 940 820 980 si
846 951 970 980 'unus
1004 938 1161 993 aliquis
1195 952 1246 980 ex
1279 952 1367 980 me-

76 999 184 1041 dicis
233 998 478 1041 nocituram
534 1000 706 1040 tantum
753 997 976 1053 potionem
1027 1012 1122 1039 esse
1173 997 1367 1052 dixisset,

79 1058 265 1101 dicerem
296 1059 461 1100 tamen:
496 1057 682 1100 fortasse
715 1057 973 1099 moriturum
1004 1071 1093 1099 non
1126 1057 1367 1112 putaveris:
1396 1067 1437 1097 15

74 1131 232 1161 nocere
274 1117 464 1160 voluisti.
531 1131 644 1159 nunc
685 1117 800 1159 inter
849 1130 998 1158 omnes
1042 1116 1231 1159 medicos
1271 1131 1365 1159 con·

79 1177 212 1232 stitit,
244 1176 487 1232 periturum
519 1190 630 1229 esse,
670 1176 706 1218 si
739 1191 895 1231 aquam
927 1175 1132 1231 frigidam
1164 1175 1368 1218 bibisset:

76 1235 247 1291 dedisti,
279 1237 511 1290 postquam
543 1237 710 1277 certum
743 1238 847 1277 erat.
892 1235 1024 1277 velim
1057 1235 1178 1289 scire,
1211 1250 1265 1277 an
1293 1235 1368 1277 ali-

78 1295 180 1350 quid
219 1294 308 1337 tale
347 1294 394 1336 in
423 1294 670 1336 valetudine
703 1295 794 1336 eius
827 1297 871 1338 et
903 1296 1003 1337 ante
1036 1294 1202 1336 feceris.
1265 1309 1368 1336 nam

77 1355 169 1397 sive
195 1353 350 1408 fecisti,
383 1356 576 1410 apparet,
605 1353 820 1409 quomodo
849 1353 904 1396 ad
929 1355 1102 1395 tantum
1128 1353 1368 1408 periculum
1394 1363 1439 1395 20

76 1414 287 1456 deductus
326 1413 402 1468 sit3
442 1413 532 1455 sive
570 1428 658 1456 non
690 1413 849 1468 fecisti,
888 1415 1071 1468 apparet
1101 1413 1238 1455 fuisse
1270 1427 1368 1455 cau-

75 1488 190 1529 sam,
231 1475 411 1528 propter
450 1487 580 1527 quam
611 1472 790 1515 faceres.
857 1470 988 1527 „Non
1019 1472 1171 1528 putavi
1202 1486 1369 1528 nocere,

77 1547 156 1575 nec
188 1531 348 1575 credidi
381 1531 597 1576 medicis.“
643 1531 820 1575 Adeone
852 1532 1005 1588 ignota
1036 1531 1273 1574 medicinae
1300 1546 1370 1574 ex-

80 1591 325 1647 perimenta
357 1591 490 1634 sunt?

176 1701 195 1732 1
221 1697 343 1732 fuesse
368 1700 430 1741 Ba,
457 1707 523 1732 om.
550 1700 576 1730 P
594 1698 607 1742 fl
625 1700 647 1731 4
674 1695 867 1732 subinde
886 1699 916 1730 A
935 1698 946 1742 ΙΙ
965 1696 1082 1732 iectas
1102 1699 1132 1730 A
1151 1698 1163 1741 ΙΙ
1183 1700 1204 1731 6
1224 1684 1371 1732 ἱῃῖεεΐ,

80 1748 110 1780 Δ
130 1746 142 1792 ΙΙ
160 1744 255 1780 nihil
279 1744 318 1780 in
343 1745 415 1780 hoc
440 1743 597 1780 interest
624 1756 672 1780 cr.
698 1747 724 1778 B
756 1746 769 1789 ss
802 1748 821 1779 7
848 1755 886 1779 se
914 1747 968 1778 Aa
985 1744 997 1789 ΙΙ
1028 1743 1123 1788 legis
1155 1746 1222 1778 AB
1242 1745 1254 1788 ΙΙ
1275 1747 1367 1780 ’1-8

78 1791 342 1838 applicandum
367 1795 394 1826 B
414 1793 426 1837 ΙΙ
446 1796 466 1827 9
493 1791 513 1812 *
529 1791 634 1827 dedit
660 1791 706 1836 (.9)
725 1793 737 1837 ΙΙ
759 1795 802 1827 10
830 1791 1045 1828 metuerunt
1069 1794 1096 1825 B
1121 1792 1134 1837 ΙΙ
1164 1795 1206 1826 11
1234 1790 1369 1827 timue-

77 1842 164 1875 runt
194 1842 221 1874 B
253 1840 266 1885 ΙΙ
299 1843 436 1874 11—12
477 1850 674 1884 personam
706 1852 739 1874 n.
775 1851 808 1874 o.
842 1838 1144 1882 denuntiatione,
1173 1838 1368 1874 dissimulo

78 1887 157 1931 Ro,
183 1888 247 1931 css.
275 1890 372 1931 221,
393 1891 417 1922 8
442 1891 474 1923 et
500 1890 584 1930 350,
604 1890 672 1930 105
696 1887 758 1922 sed
783 1887 828 1929 cf.
850 1890 934 1929 376,
946 1890 996 1923 25
1009 1897 1059 1931 sq.
1079 1887 1092 1931 ΙΙ
1116 1891 1156 1920 12
1183 1897 1258 1921 non
1283 1897 1371 1922 vero

79 1934 114 1970 d.
140 1937 168 1968 B
187 1935 200 1979 ss
219 1945 307 1979 ergo
331 1937 358 1968 B
377 1935 390 1979 u
411 1938 454 1969 13
480 1933 653 1978 aliquis
679 1937 709 1968 A
728 1935 739 1979 ΙΙ
761 1938 804 1969 16
830 1935 850 1956 *
865 1935 935 1968 hoc
960 1936 1023 1967 AB
1043 1935 1055 1977 ΙΙ
1075 1937 1215 1968 22—23
1241 1934 1372 1977 putavi

78 1993 148 2018 nec
169 1980 311 2017 credidi
331 1984 373 2026 A,
398 1981 531 2027 putavi
562 1991 696 2016 nocere
732 1981 819 2016 dedi
844 1984 871 2014 B
902 1982 915 2026 ΙΙ
946 1985 1087 2015 23-24
1114 1980 1372 2026 experimenta

83 2030 170 2064 sunt
195 2027 323 2074 egenti
348 2028 427 2064 vita
451 2028 562 2064 bona.
597 2040 645 2065 m.
665 2028 758 2064 fabii
784 2027 922 2072 quintil
945 2027 1080 2063 finiunt
1105 2028 1292 2064 coloratae
1318 2028 1371 2063 fe-

78 2076 204 2112 liciter
227 2075 523 2122 inci‘ff‘eiusdem
550 2076 713 2111 colorate
741 2074 878 2111 CCCLI
903 2078 951 2120 A,
990 2075 1247 2120 experimenta
1273 2077 1370 2111 sunt.

79 2124 130 2160 M.
155 2123 264 2160 Fabii
291 2123 515 2166 Quintiliani
541 2122 714 2159 Colorate
739 2122 863 2169 incip?
883 2122 1049 2158 eiusdem
1084 2123 1258 2159 Colorate
1287 2122 1371 2158 feli-

81 2172 158 2208 cit?
207 2171 350 2218 legenti
389 2171 468 2206 vita
504 2172 633 2216 proba.
666 2174 710 2215 B,
755 2171 1013 2216 experimenta
1051 2173 1148 2206 sunt.
1187 2171 1236 2205 M.
1263 2170 1371 2205 Fabii

82 2218 304 2262 Quintiliani
333 2219 468 2254 finiunt
499 2219 698 2255 coloratae.
749 2218 938 2264 Incipiunt
970 2218 1136 2253 eiusdem
1169 2219 1370 2254 coloratae.

81 2266 155 2301 fctr
178 2265 322 2312 legenti
347 2266 429 2303 vita
453 2267 554 2302 bona
580 2270 619 2310 c,
647 2278 728 2312 exp.
755 2277 783 2302 s.
810 2266 859 2302 M.
891 2266 986 2301 Fabi
1012 2264 1234 2309 Quintiliani
1262 2265 1371 2300 Colo-

80 2314 184 2349 ratae
209 2313 358 2351 finiunt.
394 2313 594 2350 Tractatae
618 2313 806 2360 incipiunt
830 2317 856 2347 P
881 2317 914 2350 et
939 2314 1039 2357 edd.‚·
1063 2314 1109 2358 cf.
1131 2314 1292 2359 proleqq.
