1604 2488
424 106 848 154 DECLAMATIONES.
875 116 1026 153 occx1.
1291 115 1380 158 223

92 228 195 270 dum
230 226 390 282 magis,
437 241 568 282 quam
606 239 878 269 communem
917 225 1131 281 quendam
1171 226 1379 280 omnium,

93 287 167 343 qui
202 287 248 329 in
286 286 538 328 libertatem
570 285 785 338 adserunt,
816 285 1024 328 favorem.
1071 287 1220 328 contra
1252 299 1379 340 quem

88 360 179 390 non
214 345 257 388 id
295 345 423 388 modo
465 360 490 387 a
521 345 648 387 nobis
680 344 978 399 intellegimus
1011 359 1106 387 esse
1139 344 1379 400 dicendum,

90 407 140 448 ut
183 405 414 461 praecipue
458 404 526 447 ius
570 406 786 458 tueamur,
831 404 905 446 sed
942 403 1050 445 illud
1094 404 1245 446 etiam:
1289 419 1380 446 non

89 465 234 508 minus
273 479 351 520 pro
391 479 441 507 eo
481 478 592 518 esse,
636 465 788 506 contra
819 477 946 519 quem
977 463 1203 505 videamur
1237 477 1378 520 agere,

88 525 128 567 si
157 526 306 567 tamen
338 524 525 579 explicet
559 522 699 578 fidem,
731 522 845 578 quod
871 537 951 566 nos
980 523 1293 565 contendimus.
1335 522 1378 564 id

90 584 206 626 enim
236 583 366 626 hodie
400 583 633 638 quaeritur,
666 596 720 624 an
747 597 894 624 servus
921 581 990 624 sit.
1041 582 1092 625 de
1117 582 1378 624 liberalitate

90 643 200 698 eius,
251 643 325 699 qui
374 657 454 685 nos
503 642 682 684 heredes
732 642 942 697 instituit,
991 642 1101 684 nihil
1145 642 1376 697 querimur.

90 717 238 745 servos
267 702 532 744 manumisit.
575 716 681 743 num
711 701 779 743 cui
814 701 1111 744 controversia
1147 701 1378 744 movetur?

89 776 194 804 num
224 761 350 804 inviti
383 776 455 804 eos
487 760 725 816 tristesque
756 761 801 802 in
832 775 1013 803 numero
1047 761 1237 803 civitatis
1265 761 1376 816 aspi-

89 821 255 863 cimus?
301 821 388 863 alia
418 820 548 863 nobis
579 820 694 862 ratio
728 834 826 862 cum
853 820 1135 875 debitoribus,
1167 820 1254 862 alia
1280 835 1378 863 cum

88 880 303 936 ingenuis.

174 937 326 994 Neque
357 953 438 981 nos
470 938 594 994 fugit,
626 938 747 980 velut
777 938 824 980 in
857 938 1121 980 contrarium
1154 938 1217 980 ire
1242 939 1377 980 litem.

85 1013 187 1041 nam
219 998 256 1040 si
288 998 384 1053 quis
417 1012 467 1040 ex
499 997 626 1040 nobis
658 998 791 1039 istum
823 1012 996 1039 servum
1023 1001 1208 1052 vocaret,
1241 998 1378 1040 multa

84 1057 276 1100 habebat
305 1056 515 1112 profecto,
548 1071 656 1112 quae
682 1071 762 1111 pro
790 1071 836 1100 se
862 1056 1036 1111 diceret,
1068 1071 1146 1112 per
1173 1072 1284 1114 quae
1309 1058 1373 1099 in-

85 1130 251 1173 genuus
282 1116 514 1158 videretur.
556 1116 658 1171 quid
691 1116 806 1158 enim
839 1116 910 1158 lex
936 1116 1071 1158 dicit?
1103 1117 1374 1159 »addictus

85 1176 246 1218 donec
284 1176 509 1219 solverit
549 1175 792 1231 serviat«,
830 1178 880 1218 ut
923 1175 1097 1232 opinor,
1140 1191 1247 1218 non:
1293 1191 1377 1218 ser-

86 1250 166 1277 vus
199 1235 270 1277 sit.
321 1235 559 1290 plurimum
591 1237 737 1277 autem
769 1235 913 1277 refert.
963 1249 1065 1277 ozam
1097 1235 1258 1277 servire
1291 1250 1376 1277 me-

84 1294 170 1336 rito
209 1294 392 1336 dicimus
430 1296 474 1336 et
512 1309 603 1350 eos,
643 1294 717 1349 qui
755 1294 802 1336 in
839 1295 1003 1349 piratas
1043 1293 1291 1349 inciderint,
1334 1297 1377 1336 et

85 1368 176 1408 eos,
209 1353 284 1409 qui
323 1353 378 1396 ab
416 1353 542 1396 hoste
582 1354 669 1395 sint
708 1353 841 1408 capti:
880 1353 924 1395 id
957 1354 1128 1409 quidem
1161 1354 1278 1408 quod
1310 1354 1373 1395 in-

88 1412 242 1468 genuis
286 1415 443 1454 natura
481 1412 615 1467 dedit,
659 1413 779 1454 nulla
821 1412 1023 1454 fortunae
1065 1413 1224 1454 iniuria
1269 1413 1377 1468 eripi

86 1473 245 1528 potest.
289 1471 333 1513 id
362 1471 558 1527 quamvis
584 1471 696 1513 nulli
719 1486 809 1514 non
832 1475 1027 1514 vestrum
1054 1471 1256 1515 existimo
1283 1486 1377 1515 esse

83 1531 376 1587 manifestum,
409 1530 668 1586 quibusdam
694 1533 842 1573 tamen
869 1531 1080 1574 confessis
1108 1532 1375 1587 argumentis

67 1590 313 1633 vostendere
326 1590 439 1633 volo.
474 1592 574 1632 ante
589 1590 735 1632 omnia
756 1591 943 1644 [servus]
964 1590 1036 1633 hie
1053 1591 1188 1633 habet
1206 1606 1377 1645 nomen,

85 1652 153 1692 est
183 1650 229 1692 in
261 1664 403 1704 censu,
434 1651 495 1692 est
519 1649 565 1691 in
590 1649 720 1691 tribu.
754 1664 939 1705 quorum
963 1650 1075 1692 nihil
1103 1648 1172 1708 (ut
1198 1650 1372 1708 opinor)

86 1709 348 1765 deprehendi
380 1709 425 1751 in
458 1723 581 1751 servo
612 1711 772 1764 potest.
821 1712 894 1764 „at
925 1710 1158 1752 intervenit
1190 1725 1239 1752 ea
1273 1725 1373 1753 con-

84 1768 207 1824 dicio,
238 1770 288 1811 ut
314 1769 474 1811 servire
500 1768 668 1823 debeat,
699 1768 834 1811 donec
863 1769 1078 1811 solverit.“
1121 1769 1202 1812 hoc
1229 1770 1373 1825 ipsum

86 1828 199 1871 servi
229 1842 318 1870 non
349 1830 428 1883 est,
459 1828 619 1871 habere
651 1828 698 1870 in
731 1843 809 1870 sua
840 1831 1072 1885 potestate,
1103 1830 1274 1884 quando
1302 1830 1371 1872 de-

84 1887 201 1929 sinat
238 1889 409 1931 servire.
471 1887 621 1943 fingite
661 1888 795 1943 enim,
841 1887 1022 1940 iudices,
1068 1891 1143 1930 aut
1181 1889 1374 1931 oblatam

177 2007 198 2038 2
225 2004 461 2038 asserunt
485 2003 586 2048 A115
612 2003 783 2039 videmur
801 2005 900 2049 3118
922 2004 1136 2049 quaerimus
1155 2008 1182 2039 B
1202 2006 1213 2050 ΙΙ
1234 2009 1253 2040 9
1275 2017 1374 2041 nunc

79 2051 140 2086 cui
158 2053 189 2085 A
208 2050 219 2096 ΙΙ
241 2055 284 2086 10
309 2062 385 2086 non
409 2050 484 2085 inv.
501 2053 528 2084 B
548 2051 559 2096 ΙΙ
581 2054 623 2086 18
651 2051 723 2086 seit
735 2054 788 2085 Aa
807 2053 818 2097 ΙΙ
837 2051 975 2087 referre
994 2055 1058 2096 Aa,
1084 2052 1222 2088 referet
1240 2055 1343 2086 B—I’
1361 2054 1374 2099 Η

81 2110 128 2134 an
155 2101 236 2142 AB,
263 2109 354 2134 corr.
385 2098 459 2133 Obr
494 2098 507 2142 11
547 2102 588 2133 19
616 2098 785 2134 dicamus
810 2102 890 2143 AB,
917 2110 1009 2135 corr.
1036 2103 1131 2135 auct.
1158 2101 1284 2136 ineert.
1312 2112 1372 2146 ap.

79 2146 156 2182 Aer
180 2146 192 2191 ΙΙ
215 2145 417 2191 inspiratas
443 2148 497 2180 Aa.
521 2147 532 2192 ΙΙ
558 2149 604 2181 20
630 2145 668 2180 id
695 2146 845 2190 quidem
870 2146 946 2192 ing.
973 2150 1019 2191 A,
1045 2147 1085 2182 id
1112 2148 1263 2192 quidem
1289 2148 1372 2193 qui—

81 2192 166 2228 dem
190 2194 266 2239 ing.
287 2196 327 2238 13,
352 2193 392 2228 id
412 2193 514 2238 quod
533 2194 611 2228 edd.
634 2193 646 2238 ll
667 2197 710 2228 21
731 2193 796 2229 ini.
823 2197 861 2229 et
879 2194 952 2239 ipsi
971 2195 1048 2239 pot.
1068 2198 1095 2228 P
1113 2195 1124 2240 ΙΙ
1144 2199 1190 2230 24
1212 2195 1371 2241 [servus]

81 2239 136 2275 Gr
160 2241 172 2286 ss
196 2244 242 2276 25
269 2243 335 2276 aut
358 2243 443 2285 AB,
469 2251 561 2276 corr.
588 2240 647 2276 Fr
671 2241 683 2286 11
709 2244 753 2276 26
779 2243 845 2277 aut
869 2244 960 2276 AbB
986 2242 998 2287 ΙΙ
1024 2242 1218 2278 28desinet
1242 2246 1269 2277 B
1289 2244 1300 2289 ΙΙ
1327 2247 1370 2277 29

84 2290 249 2346 oblataffi
276 2311 306 2345 A

1405 474 1426 505 5

1406 772 1450 804 10

1403 1069 1446 1100 15

1401 1364 1449 1396 20

1401 1661 1446 1693 25
