1604 2488
230 119 313 162 228
377 119 380 123 '
703 123 1006 166 QUINTILIANI

338 228 471 270 dilata
501 229 720 272 damnatio
754 232 830 272 est.
875 231 1105 274 intervenit
1133 234 1183 287 is,
1214 234 1286 288 qui
1316 235 1478 278 occisus

337 286 566 328 dicebatur.
615 288 726 341 petit
759 302 855 330 reus
886 303 1068 343 poenam
1102 293 1371 334 accusatoris.

745 403 971 447 SERMO.

307 481 405 524 Non
442 483 523 525 erit
561 484 764 539 alienum,
804 485 1056 528 advocatum
1093 487 1191 530 dare
1229 488 1328 530 huic
1358 503 1479 532 aceu-

175 552 195 582 5
222 541 364 582 satori.
408 541 510 583 fecit
540 557 631 584 rem
665 541 732 598 (ut
763 544 1012 598 parcissime
1037 544 1192 600 dicam)
1217 547 1480 601 paenitentia

151 842 193 873 10

150 1191 192 1222 15

150 1481 194 1513 20

149 1771 194 1803 25

220 598 404 652 dignam.
471 602 514 641 et
552 600 708 642 fortius
748 601 995 644 defendetur
1032 603 1085 644 ab
1123 603 1207 646 alio
1244 607 1286 646 et
1321 605 1479 647 maiore

219 670 315 698 cum
345 658 596 700 verecundia
626 661 832 713 patronus
865 659 1152 716 confitebitur,
1183 662 1220 703 si
1251 662 1353 717 quid
1383 677 1480 706 con-

218 713 426 756 fitendum
463 719 538 758 est.
600 719 642 758 et
682 717 879 771 quotiens
919 732 1043 760 causa
1078 719 1175 773 plus
1205 719 1309 762 iuris
1338 720 1481 776 habet,

220 786 348 872 quassn
384 773 577 829 pudoris,
615 775 668 817 ad
707 789 803 817 eum
839 776 1133 819 transferenda
1170 779 1250 831 est,
1287 779 1360 833 qui
1394 793 1481 822 non

221 844 294 872 eru
327 834 447 874 escet.

641 925 1079 970 DECLAMATIO.

305 1005 442 1047 Reum
479 1007 628 1060 capitis
668 1008 881 1049 arcessitis
912 1009 956 1049 in
994 1023 1043 1050 ea
1080 1009 1271 1063 civitate,
1313 1010 1359 1051 in
1400 1025 1483 1065 qua

217 1063 299 1106 hoc
330 1077 459 1119 grave
491 1067 534 1106 et
563 1063 785 1120 indignum
811 1065 994 1108 videtur:
1026 1069 1068 1108 et
1092 1080 1212 1108 reum
1237 1067 1390 1123 capitis
1417 1083 1481 1118 ar-

218 1122 403 1175 cessitis,
447 1122 520 1177 qui
562 1123 646 1178 ipsi
682 1123 999 1166 intolerabilem
1041 1125 1151 1167 hanc
1188 1125 1483 1168 crudelitatem

218 1180 393 1222 vocatis.
454 1181 732 1223 conveniebat
763 1195 846 1235 eos,
884 1182 957 1236 qui
993 1183 1279 1225 temeritatem
1313 1198 1484 1226 accusa-

218 1238 350 1280 tionis
377 1238 587 1293 incusant,
618 1238 726 1280 nihil
751 1240 834 1281 nisi
860 1242 1020 1282 certum
1046 1241 1396 1296 exploratumque
1415 1242 1482 1284 de-

217 1296 339 1338 ferre.
413 1310 527 1352 ergo·
557 1297 652 1353 lege
697 1297 832 1339 occidi
868 1298 997 1340 vultis
1035 1298 1148 1340 hunc
1186 1299 1351 1354 statim,
1399 1300 1484 1355 qui

218 1369 356 1396 reum
382 1355 550 1396 caedis
577 1355 823 1397 detulerit
853 1354 1074 1412 (hactenus
1101 1370 1304 1412 agnosco:
1333 1357 1484 1400 detulit

220 1413 352 1467 enim,
401 1427 525 1468 quem
563 1413 761 1469 defendo)
812 1414 1042 1469 <neque>
1085 1415 1483 1470 damnav<er>it-

223 1472 359 1525 [que]:
383 1471 466 1513 hoc
490 1471 576 1513 iam
603 1472 655 1513 ad
684 1486 762 1514 nos
787 1486 875 1514 non
898 1473 1093 1527 pertinet.
1134 1473 1205 1515 hic
1230 1474 1343 1516 enim
1366 1475 1483 1516 dam-

218 1532 346 1570 natus
389 1532 465 1571 est.
529 1530 722 1584 sequitur
754 1543 875 1585 ergo,
911 1533 959 1572 ut
990 1531 1119 1573 aliam
1150 1531 1290 1586 legem
1322 1531 1484 1574 adfera-

221 1588 353 1638 [mu]s
387 1589 460 1628 aut
499 1587 608 1629 hanc
639 1591 780 1630 mutes
813 1591 887 1630 aut
907 1589 1006 1631 ‘hoc
1046 1589 1200 1631 audeas
1241 1590 1377 1632 dicere
1416 1591 1481 1632 ius

221 1644 392 1698 aliquod
422 1645 504 1686 tibi
536 1660 627 1687 esse
659 1646 952 1689 constituendi.

307 1702 375 1744 Ad
411 1703 808 1757 interpretationem
845 1718 922 1746 nos
949 1719 1079 1749 :rocas
1112 1707 1154 1746 et
1185 1719 1235 1746 ex
1265 1705 1346 1747 hac
1376 1706 1483 1761 lege,

220 1775 303 1815 qua
335 1761 493 1816 litigas,
526 1761 652 1803 aliam
679 1762 935 1804 constituere
962 1762 1139 1804 conaris.
1183 1762 1284 1804 Non
1309 1765 1374 1805 est
1398 1763 1482 1805 ista

219 1833 287 1860 res
318 1819 518 1874 iudicum,
547 1834 634 1862 non
666 1820 831 1875 horum,
863 1821 935 1875 qui
967 1820 1019 1862 ad
1050 1823 1165 1862 certa
1188 1820 1292 1875 iura,
1324 1823 1366 1863 et
1395 1822 1482 1876 qui-

220 1877 315 1918 dem
351 1878 498 1932 iurati,
536 1878 826 1920 consederunt.
888 1879 1053 1920 deflecti
1088 1879 1180 1920 iura
1215 1893 1268 1920 ne
1305 1893 1382 1933 pro
1414 1879 1482 1921 de-

316 1996 334 2026 1
361 1992 486 2027 delata
510 1995 575 2026 AB
606 1994 618 2037 ΙΙ
650 1992 853 2028 dominatio
879 1995 909 2027 Δ
933 1993 944 2037 ΙΙ
962 1992 1105 2028 vecisus
1129 1995 1161 2026 A
1176 1994 1189 2038 ΙΙ
1207 1997 1227 2028 3
1253 1993 1482 2028 Declamatio

219 2041 245 2071 Ρ
263 2038 275 2082 [Ι
294 2043 316 2072 4
341 2038 420 2073 dari
443 2041 469 2072 B
495 2040 507 2084 ΙΙ
531 2043 551 2074 5
577 2039 806 2084 penitentiae
831 2043 857 2074 B
876 2041 887 2085 ΙΙ
913 2043 1002 2075 6-7
1028 2039 1206 2076 malorem
1230 2050 1312 2074 cum
1337 2042 1367 2074 A
1396 2041 1408 2084 ll
1439 2043 1483 2074 10

220 2085 403 2120 erubescit
427 2088 500 2127 AB,
527 2096 617 2121 corr.
645 2085 703 2121 Ro
721 2087 733 2131 ΙΙ
754 2090 797 2121 15
822 2086 853 2121 ie
879 2088 955 2130 AB,
979 2096 1067 2122 corr.
1092 2086 1167 2121 Aer
1185 2087 1196 2131 ΙΙ
1218 2089 1352 2120 15-16
1377 2097 1483 2121 accu-

219 2133 302 2166 sant
327 2131 421 2166 nihil
446 2132 637 2167 misertum
662 2135 688 2166 B
707 2133 720 2177 ll
742 2137 783 2168 19
798 2132 817 2153 *
831 2133 985 2168 defendo
1010 2131 1338 2177 dampnavitquem
1355 2135 1396 2177 Δ,
1421 2132 1482 2167 de-

219 2177 330 2214 fendo
355 2178 617 2224 damnavitque
643 2182 670 2212 B
689 2180 700 2224 ΙΙ
721 2183 765 2214 20
791 2191 864 2215 non
887 2190 952 2215 om.
977 2182 1006 2214 Δ
1023 2181 1036 2224 ΙΙ
1055 2182 1191 2214 20—21
1211 2178 1400 2214 demnatus
1419 2182 1483 2223 Aa,

218 2223 452 2260 indemnatus
484 2229 586 2270 AbB,
627 2236 719 2261 corr.
753 2226 806 2261 Gr
835 2227 847 2271 ΙΙ
878 2229 1014 2261 21-22
1046 2224 1286 2272 adfera[mu]s
1313 2224 1368 2261 Gr
1396 2226 1409 2270 ΙΙ
1439 2229 1482 2260 23

221 2270 463 2308 constitutum
482 2275 554 2316 AB,
583 2283 673 2308 corr.
692 2272 748 2308 Ro
766 2275 778 2317 u
797 2276 840 2308 26
866 2272 1043 2308 iudicium
1062 2275 1123 2306 AB
1141 2273 1153 2317 ΙΙ
1173 2276 1216 2307 27
1243 2272 1438 2308 consedere
1456 2275 1483 2306 B
