1560 2462
646 135 935 172 PRAEFATIO.
1380 135 1434 170 XI

147 237 314 288 scriptio
337 240 430 288 post
449 237 568 276 finem
588 236 888 276 declamationis
911 238 995 276 388
1018 231 1105 289 (fol.
1126 237 1178 275 81
1202 231 1259 289 v.)
1281 236 1431 285 eadem,

145 302 250 342 idem
266 302 474 352 Calpurnii
488 301 821 341 declamationum
835 314 1039 351 numerus,
1060 302 1206 340 similia
1219 297 1306 354 (fol.
1317 302 1373 340 90
1380 295 1431 354 r.)

144 368 289 407 ultima
318 367 444 407 verba
475 366 676 416 „Explicit
706 379 753 405 ex
779 365 995 416 Calpurnio
1020 359 1163 406 Flacco
1190 363 1433 416 excerptae.“

231 431 413 472 Collatae
432 433 474 470 in
495 445 630 471 meum
647 444 766 470 usum
786 434 880 470 sunt
893 431 1166 470 intercedente
1181 431 1432 481 perofficiose

141 497 329 548 Augusto
344 497 450 547 Mau,
470 497 517 535 V.
533 496 587 547 C.,
607 497 842 536 declamatio
857 497 942 535 252
959 491 1174 549 (quantum
1188 496 1273 535 eius
1289 509 1426 546 super-

143 559 234 615 est),
269 562 382 602 decll.
405 563 502 612 266,
524 563 621 612 267,
643 563 740 612 268,
763 563 859 610 269,
881 563 980 610 270,
1002 563 1107 611 2713
1138 564 1350 612 praeterea
1381 562 1429 600 de

141 627 310 678 singulis
338 628 576 678 quibusdam
600 627 698 666 locis
724 627 1062 666 declamationum
1090 627 1188 677 255,
1211 629 1308 677 260,
1331 628 1428 675 314,

143 695 241 743 325,
275 695 373 744 350,
406 694 504 743 377,
537 694 620 732 382
660 693 808 732 certior
844 693 974 732 factus
1013 704 1104 731 sum
1141 705 1214 742 per
1244 692 1430 743 amicum,

144 759 212 809 qui
245 759 468 798 studiorum
499 770 620 797 causa
648 755 813 808 aliquod
844 759 1001 807 tempus
1034 758 1183 797 Romae
1215 758 1399 808 degebat.

233 823 498 863 Consentiunt
540 823 665 863 verba
709 823 911 862 artissime
956 835 1046 862 cum
1089 823 1221 862 codice
1262 824 1314 874 Β,
1363 823 1434 862 ubi

143 889 383 939 discrepant,
415 889 575 938 saepius
603 887 632 927 C
665 888 716 927 ad
747 887 890 927 codicis
917 888 953 926 A
986 888 1228 937 scripturam
1262 889 1432 938 accedit3

142 967 280 994 verum
318 966 537 1004 numquam
577 954 736 1003 potiora
772 953 847 992 hac
885 954 1010 992 tradit
1047 953 1107 992 ita
1139 956 1184 992 ut
1214 965 1294 992 non
1326 955 1367 992 et
1397 953 1431 991 B

147 1019 287 1058 eadem
317 1019 504 1058 exhibeat
535 1020 577 1057 et
606 1031 657 1057 ne
688 1018 758 1057 uni
785 1018 944 1068 quidem
969 1018 1054 1057 loco
1080 1018 1123 1056 in
1148 1018 1291 1057 ceteris
1316 1018 1432 1057 libris

143 1078 262 1138 (AB)
300 1084 454 1134 pariter
490 1085 678 1133 corrupto
711 1096 812 1133 quae
843 1083 885 1121 in
915 1083 1101 1122 notitiam
1133 1095 1264 1122 meam
1295 1095 1434 1132 perve-

146 1151 295 1188 nerunt
321 1149 466 1188 codicis
492 1148 522 1187 C
548 1148 770 1198 scripturae
796 1150 1017 1197 potuerunt
1042 1148 1235 1187 auxilium
1260 1149 1326 1187 vel
1350 1161 1431 1187 me·

142 1215 275 1254 delam
306 1208 546 1266 adferrem)
605 1214 748 1263 Itaque
779 1227 858 1253 non
889 1213 1008 1252 nimis
1039 1214 1303 1264 neglegenter
1333 1213 1433 1252 mihi

141 1279 251 1319 visus
291 1292 380 1319 sum
417 1279 567 1330 facere,
605 1279 673 1317 ubi
710 1279 916 1330 integrum
955 1279 1060 1318 hunc
1091 1279 1251 1328 quidem
1283 1278 1431 1317 librum

144 1347 329 1384 excutere
359 1344 481 1383 nolui.

146 1481 245 1524 XIV,
271 1479 340 1528 sub
364 1478 477 1514 titulo
499 1478 692 1524 Calpurnii
719 1479 884 1515 eiusdem
912 1479 1051 1515 codicis
1076 1480 1226 1524 tempus
1247 1490 1342 1515 saec
1364 1479 1432 1515 XV

145 1527 380 1619 Proiss‘gulam
417 1574 505 1618 post
542 1573 782 1609 constitutam
819 1574 1074 1610 recensionem
1105 1574 1212 1609 novis
1246 1574 1431 1620 excerptis

144 1634 168 1659 a
192 1622 318 1657 Mavio
353 1631 499 1656 summa
529 1621 714 1656 facilitate
747 1621 841 1657 mihi
866 1621 1056 1667 permissis
1082 1621 1258 1667 cognovi:
1292 1634 1431 1666 omnes,

143 1681 237 1716 quos
268 1671 314 1704 ut
343 1668 574 1722 desperatos·
593 1668 733 1713 signo†
765 1670 985 1705 notaveram
1011 1670 1114 1705 locos
1129 1651 1286 1704 „eisdem
1311 1670 1432 1705 literis

143 1717 184 1753 in
213 1716 309 1753 libro
336 1715 362 1751 C
398 1716 532 1760 quibus
563 1715 603 1751 in
628 1715 658 1750 B
684 1716 800 1760 tradi,
831 1719 980 1762 praeter
1005 1715 1091 1751 illos
1116 1728 1253 1752 novem
1278 1718 1432 1762 pagina-

63 1800 69 1806 ,
144 1777 227 1800 rum
260 1767 348 1808 317,
375 1766 462 1807 348;
497 1765 582 1808 180,
608 1767 694 1807 210,
723 1768 803 1809 219,
831 1768 911 1808 367,
939 1768 1019 1807 370,
1047 1767 1128 1808 372,
1154 1768 1242 1808 440,
1274 1776 1433 1810 quorum

144 1812 287 1858 priores
317 1792 440 1856 (duos)
467 1821 670 1856 congruere
698 1823 781 1846 cum
806 1811 894 1846 libri
920 1810 952 1846 A
978 1811 1177 1856 scriptura,
1212 1813 1354 1848 ceteros
1379 1812 1432 1847 le-

143 1860 241 1896 viter
266 1858 479 1904 discrepare
504 1858 575 1893 ita:
600 1858 737 1894 ultima
761 1858 889 1904 pelagi
909 1879 952 1884 ——
974 1859 1189 1905 intelligitis
1209 1862 1271 1895 etc.
1288 1888 1319 1895 ..
1347 1870 1432 1895 con-

145 1906 284 1953 scripta
309 1909 370 1942 etc.
393 1926 439 1931 —
458 1905 617 1941 formale
636 1926 683 1931 —
702 1906 777 1952 ign.
805 1918 878 1951 quo
905 1905 976 1941 dic.
999 1927 1043 1932 —
1062 1907 1264 1951 probatum
1283 1928 1330 1933 —
1349 1918 1432 1952 pro-

143 1954 330 1996 fecerunt3
368 1954 563 1999 praeterea
601 1964 806 1998 congruere
837 1954 866 1988 B
900 1955 938 1989 et
970 1952 1015 1997 C,
1053 1954 1278 1999 ubicumque
1317 1954 1432 1990 editio

142 2000 356 2038 Parmensis
388 2012 412 2036 a
443 1999 472 2034 B
505 2000 654 2046 longius
687 2001 848 2037 discedit
880 2004 1138 2046 (82,19-20;
1172 2006 1324 2046 94,16;
1353 2006 1432 2046 162,

147 2052 260 2092 7—83
286 2052 370 2093 291,
392 2051 452 2091 10·
479 2051 561 2092 436,
581 2049 630 2094 4),
656 2059 777 2093 neque
802 2061 948 2084 rursum
968 2060 1135 2093 usquam,
1161 2049 1227 2084 ubi
1246 2060 1347 2085 error
1366 2050 1432 2085 ali-

146 2097 229 2141 quis
251 2075 469 2132 Parmensis
502 2096 550 2131 ad
577 2095 717 2131 codicis
743 2096 772 2131 B
799 2097 1021 2142 scripturam
1047 2097 1174 2142 potest
1198 2096 1346 2140 referri,
1372 2097 1432 2142 (cf.

143 2155 179 2189 p.
195 2143 262 2178 XV
275 2145 346 2188 sq.)
368 2142 563 2178 eiusdem'
553 2155 591 2178 1n
611 2142 638 2178 C
658 2154 766 2188 posse
787 2155 940 2179 causam
958 2143 1136 2187 inveniri;
1158 2144 1318 2188 denique
1337 2124 1432 2189 legi·

149 2195 208 2235 50,
227 2194 272 2226 21
307 2190 549 2226 defendamus
575 2201 663 2226 sane
691 2190 802 2236 (sicut
826 2191 865 2226 in
890 2191 952 2235 Β);
987 2195 1043 2235 62,
1064 2195 1109 2226 20
1135 2192 1282 2227 hostem
1308 2192 1432 2227 dicere

145 2249 184 2291 q
198 2218 266 2273 ’hic
297 2237 465 2282 laeserit3
499 2241 554 2282 75,
574 2241 595 2272 5
628 2238 796 2273 invenire
827 2238 940 2283 (sicut
963 2238 1003 2273 in
1027 2219 1089 2283 1'3);
1124 2243 1180 2283 77,
1200 2243 1243 2274 21
1271 2238 1433 2284 ignomi-

147 2283 275 2322 niosos
300 2295 435 2320 vacare
456 2285 557 2320 omni
574 2286 666 2320 nota
687 2285 830 2331 (sicut
819 2298 859 2321 111
878 2285 943 2331 Α),
972 2289 1052 2330 137,
1073 2290 1092 2322 7
1120 2286 1191 2321 hoc
1211 2287 1322 2322 modo
1343 2286 1433 2322 odo-

146 2331 329 2368 rationem
357 2333 467 2377 (sicut
491 2333 530 2367 in
555 2332 611 2377 B).
