1578 2470
450 93 880 131 DECLAMATIONES.
907 93 1161 130 CCCLXXXI.
1355 93 1443 135 425

156 206 424 262 cognoscunt
447 219 536 247 non
561 207 708 247 utrum
727 203 949 259 scriptum,
975 202 1049 244 sed
1069 217 1202 258 quare
1229 202 1439 257 scriptum

156 265 225 308 sit.
274 278 379 307 crux
411 263 574 319 scripta
606 265 690 306 est:
723 262 885 319 quare?
918 261 1022 318 quid
1054 261 1305 304 commisit?
1339 264 1440 304 ante

154 327 298 368 actam
328 324 463 366 vitam
496 325 750 365 scrutemur:
785 322 909 364 video
941 321 1006 364 illi
1038 321 1159 377 prius
1190 321 1439 364 libertatem

122 377 129 383 ⁴
153 382 289 426 fuisse
329 382 550 438 scriptam.
613 382 715 438 quid
746 381 880 438 igitur
911 383 1004 423 tam
1037 381 1181 423 subito
1212 379 1441 436 peccavit?

152 442 363 498 numquid
401 456 615 484 venenum
655 441 756 484 dare
795 440 972 484 domino
1003 441 1160 495 voluit,
1198 455 1282 495 quo
1315 440 1440 482 eitius
1467 448 1489 480 5

153 501 358 544 libertate
396 501 638 543 frueretur?
693 501 740 543 in
778 499 1042 543 contrarium
1075 499 1299 554 incidi<t>.
1354 513 1443 541 non

154 560 487 618 periclitaretur,
519 561 557 602 si
590 560 789 603 dedisset.
843 559 1047 616 „petenti,
1078 558 1234 614 inquit,
1266 558 1440 601 domino

154 634 243 663 non
275 619 430 663 dedit.“

694 689 924 733 SERMO.

250 772 475 828 Quaestio,
516 788 572 815 an
613 773 814 816 omnibus
846 772 1038 828 imperiis
1070 771 1337 827 parendum?
1389 785 1446 813 an
1473 781 1516 813 10

159 831 310 889 aegri?
342 847 398 875 an
422 832 522 875 huic
549 832 762 887 imperio?
794 832 876 886 hic,
908 832 1097 886 primum
1115 846 1204 874 non
1225 830 1444 886 debuisse;

158 890 310 933 deinde
341 905 430 933 non
460 892 654 946 potuisse
685 905 848 947 parere.
905 890 1074 934 Ultima
1107 890 1305 946 supplicii
1336 890 1443 945 figu-

157 950 286 1007 ratio,
318 951 397 993 sub
431 951 642 993 eiusmodi
673 951 816 993 titulo.

637 1067 977 1112 CCCLXXXI.

293 1151 500 1195 Noverca
530 1151 663 1194 torta
693 1151 842 1194 filiam
877 1151 1115 1194 consciam
1147 1149 1325 1194 dicens,
1476 1160 1520 1191 1·5

158 1233 409 1277 VENEFIOA
435 1245 760 1289 TORQUEATUR,
792 1244 949 1276 DONEC
983 1243 1206 1275 CONSCIOS
1241 1242 1446 1274 INDICET.

280 1291 465 1343 Quidam
501 1293 594 1335 filio
634 1293 886 1348 superduxit
923 1307 1154 1335 novercam
1194 1294 1239 1334 et
1277 1306 1328 1334 ex
1368 1291 1446 1334 illa

281 1351 411 1394 aliam
449 1351 585 1393 filiam
627 1352 829 1406 suscepit.
892 1352 1053 1394 amisso
1095 1351 1185 1393 filio
1229 1350 1444 1406 ambiguis

281 1411 419 1467 signis
452 1425 628 1453 uxorem
660 1426 779 1453 ream
811 1411 925 1453 fecit.
964 1410 1162 1453 confessa
1185 1410 1263 1452 illa
1288 1410 1333 1451 in
1357 1412 1445 1451 tor-

281 1470 439 1512 mentis
472 1484 743 1512 communem
775 1471 910 1512 filiam
943 1470 1160 1513 consciam
1192 1469 1310 1511 dixit.
1373 1468 1445 1511 ad·
1473 1480 1518 1512 20

280 1531 347 1572 est
377 1529 492 1571 filiae
522 1531 660 1584 pater.

580 1644 1029 1690 DECLAMATIO.

253 1729 315 1773 Ut
346 1730 507 1785 sciatis,
538 1730 715 1785 iudices,
746 1733 953 1772 nocentes
980 1731 1151 1772 tantum
1178 1744 1203 1772 a
1228 1744 1296 1772 me
1322 1744 1446 1772 vene-

160 1788 248 1832 ficii
287 1803 384 1832 reas
421 1789 517 1831 fieri
555 1792 599 1831 et
634 1789 747 1832 hanc
778 1804 866 1831 non
898 1789 1116 1832 immerito
1147 1789 1443 1844 praeteritam:

162 1848 354 1905 proferte
387 1864 412 1891 a
444 1849 543 1891 sinu
567 1848 748 1891 nutricis
774 1863 904 1891 ream.
937 1863 1026 1890 non
1049 1850 1232 1902 peccant
1257 1848 1304 1889 hi
1331 1848 1447 1903 anni,
1474 1858 1519 1889 25

84 1961 88 1963 λ
164 1922 219 1950 ne
263 1907 311 1950 in
353 1907 550 1950 novercis
596 1907 781 1962 quidem.
842 1907 1054 1963 parvulae
1096 1909 1320 1962 serpentes
1361 1921 1449 1949 non

162 1968 341 2021 nocent3
385 1965 503 2008 ferae
543 1966 675 2008 etiam
714 1968 1033 2008 mansuescunt.
1094 1980 1283 2021 persona
1322 1966 1446 2021 virgo

261 2086 278 2117 1
307 2082 373 2117 sed
399 2092 513 2126 quare
540 2081 692 2128 scriptu,
720 2082 785 2118 sed
811 2094 926 2127 quare
953 2081 1094 2127 scriptu
1118 2085 1172 2117 Aa
1189 2083 1202 2128 ΙΙ
1221 2086 1242 2117 3
1267 2082 1369 2127 prius
1389 2081 1447 2117 illi

151 2129 187 2164 ’Β
207 2131 219 2176 ΙΙ
239 2133 260 2165 6
286 2128 476 2177 incidi<t>
501 2129 576 2165 Aer
601 2129 613 2175 ΙΙ
642 2133 683 2164 11
710 2140 823 2174 aegro
850 2133 928 2173 AB,
955 2140 1046 2165 corr.
1075 2129 1130 2165 Gr
1148 2130 1160 2175 ΙΙ
1179 2141 1227 2165 an
1250 2129 1353 2176 huie]
1381 2130 1446 2164 ad-

159 2177 232 2213 huc
258 2179 285 2214 B
322 2178 334 2223 {l
374 2181 416 2213 17
452 2184 480 2231 q
514 2180 543 2210 Δ
581 2178 593 2222 ss
632 2180 771 2212 17—18
803 2177 870 2212 illa
895 2177 1010 2212 aliam
1035 2178 1077 2213 in
1101 2188 1174 2214 ra8.
1200 2178 1305 2213 habet
1330 2180 1376 2221 A,
1404 2188 1448 2212 ea

80 2263 84 2267 ⁴
161 2235 276 2271 aliam
302 2238 347 2278 Βς
384 2247 436 2271 an
460 2234 480 2256 *
496 2234 641 2282 [aliam]
669 2234 718 2280 (ἓ)
755 2237 767 2282 Η
804 2240 850 2271 24
874 2247 955 2272 reos
981 2236 1059 2272 edd.
1088 2237 1099 2281 ΙΙ
1125 2240 1169 2272 25
1196 2236 1340 2282 profert
1364 2240 1390 2270 P
1415 2239 1447 2271 et

161 2283 240 2319 edd.
260 2284 272 2329 ss
293 2282 335 2312 Ν
363 2286 394 2317 Δ
413 2283 425 2327 ΙΙ
443 2283 615 2328 peccavit
637 2285 664 2316 B
684 2282 696 2328 ΙΙ
715 2286 758 2318 27
786 2284 862 2319 fere
888 2286 954 2317 AB
