1604 2488
152 712 195 744 10

149 1025 192 1058 15

147 1316 192 1348 20

148 1607 190 1639 25

223 74 280 117 84
700 77 1007 122 QUINTILIAM

222 181 304 223 det
354 183 416 235 ei,
466 182 545 224 cui
587 183 827 233 iniuriam
870 185 1076 240 fecerit,
1125 187 1291 230 decem
1333 189 1477 231 milia

221 240 469 283 civitati.“
514 254 600 283 non
631 242 667 283 si
697 242 802 284 haec
826 243 971 285 iuncta
996 247 1122 299 atque
1147 248 1346 288 contexta
1370 249 1481 302 sunt,

222 298 422 340 continuo
466 299 590 341 unius
628 299 738 354 legis
775 300 936 343 habent
972 303 1058 344 vim
1089 305 1131 344 et
1159 305 1476 358 proprietatem.

220 356 264 396 id
295 356 357 397 sic
389 357 648 412 cognoscite:
689 357 793 400 duos
827 360 1058 411 a[u]ct0res
1089 360 1268 416 habent3
1298 376 1374 404 nec
1405 377 1479 417 po-

219 415 306 455 test
335 414 470 456 videri
495 429 579 456 una
604 415 683 470 lex,
713 417 832 458 cuius
853 432 951 471 pars
973 418 1024 459 ad
1043 419 1270 473 privatum,
1299 435 1397 474 pars
1423 421 1478 462 ad

219 485 310 513 rem
328 472 543 527 publicam
563 474 761 527 pertinet.
804 489 905 530 ergo
931 475 1070 529 <et>si
1094 477 1238 519 iuncta
1268 481 1366 520 sunt
1396 478 1480 520 ista

220 527 287 583 (ut
318 529 443 586 dixi),
477 531 580 573 duas
612 546 760 573 causas
792 532 963 575 habent.
1011 548 1110 588 pars
1141 538 1206 577 est
1235 535 1343 591 legis
1375 536 1479 590 eius,

219 601 325 641 quae
356 588 544 630 vindicat
573 591 791 644 templum.
839 604 940 645 ergo
966 594 1015 633 ut
1038 592 1284 635 remittatur
1306 593 1387 635 tibi
1418 607 1478 648 ea,

219 659 325 699 quae
356 647 541 700 pertinet
573 647 626 689 ad
650 649 875 702 privatum,
904 652 1040 691 restat
1068 664 1129 703 ea,
1160 665 1267 705 quae
1285 651 1478 706 *pertinet

220 703 273 744 ad
304 704 532 746 civitatem.
593 705 699 747 duae
730 706 842 748 enim
874 710 973 748 sunt
1003 707 1184 750 iniuriae
1213 709 1259 750 in
1287 708 1368 751 hoc
1397 712 1472 751 tuo

220 761 346 816 facto,
377 765 420 804 et
450 763 544 804 ideo
576 763 682 805 duae
712 778 885 818 poenae.

306 842 375 884 An
419 858 519 886 vero
556 844 747 899 iniquum
791 846 924 887 videri
961 849 1120 900 potest,
1163 861 1275 901 eum,
1318 848 1390 902 qui
1433 848 1478 890 in

218 901 378 955 templo
410 902 656 956 pulsaverit,
688 903 831 945 decem
862 904 982 945 milia
1012 904 1178 946 civitati
1209 905 1339 947 dare?
1377 905 1478 960 quid

218 959 330 999 enim
363 960 501 1014 magis
533 960 578 1001 in
607 961 695 1002 ulla
725 975 770 1002 re
800 961 970 1015 publica
1001 963 1139 1004 curari
1179 962 1477 1017 observarique

218 1018 404 1071 oportet,
455 1032 582 1072 quam
624 1019 905 1074 religionem?
954 1033 1055 1061 sane
1096 1021 1335 1074 petulantia
1378 1021 1475 1063 aliis

216 1074 320 1116 locis
352 1074 607 1117 me‘diocrem
638 1076 795 1118 habeat
826 1077 1215 1131 reprehensionem:
1246 1079 1290 1119 in
1314 1079 1504 1133 templo.

216 1146 329 1186 vero,
359 1133 403 1174 in
435 1148 517 1188 quo
550 1134 689 1175 verbis
720 1135 951 1188 parcimus,
981 1135 1027 1176 in
1057 1149 1139 1190 quo
1172 1136 1335 1178 animos
1367 1150 1477 1178 com-

215 1191 431 1245 ponimus,
463 1192 508 1232 in
551 1206 633 1246 quo
676 1193 854 1234 tacitam
895 1193 1023 1234 etiam
1061 1196 1247 1235 mentem
1286 1196 1477 1236 nostram

216 1249 496 1303 custodimus,
538 1250 707 1304 pulsare
747 1251 864 1292 velut
905 1250 950 1291 in
993 1251 1238 1305 solitudine,
1281 1252 1396 1294 velut
1433 1252 1478 1293 in

217 1309 379 1349 secreto
401 1308 602 1362 quodam,
626 1322 711 1349 non
731 1311 796 1350 est
821 1308 1050 1350 ferendum.
1091 1309 1157 1351 dic
1181 1323 1310 1351 nunc:
1334 1309 1476 1365 „igno-

216 1364 423 1406 miniosus
456 1365 583 1408 erat“.
638 1366 710 1408 sed
741 1366 785 1408 in
815 1367 987 1421 templo.
1036 1367 1173 1421 captis
1203 1367 1380 1409 urbibus
1411 1368 1475 1410 vis

215 1423 404 1465 hostium
444 1438 492 1465 ac
532 1426 670 1466 metus
700 1424 907 1479 religione
938 1425 1194 1479 templorum
1226 1425 1476 1467 defenditur.

216 1481 289 1534 qui
319 1482 406 1522 iam
438 1497 556 1523 arma
585 1482 695 1524 ferre
725 1497 810 1524 non
834 1485 1026 1536 possunt,
1057 1483 1128 1536 qui
1153 1483 1336 1524 salutem
1356 1497 1477 1525 suam

216 1539 326 1579 tueri
357 1539 461 1593 fuga
491 1543 723 1594 nequeunt,
761 1540 871 1581 circa
903 1554 997 1581 aras
1029 1541 1177 1582 iacent.
1237 1541 1284 1582 in
1313 1542 1475 1596 templo

215 1596 400 1650 pulsasti
449 1597 682 1650 hominem3
730 1611 820 1639 rem
868 1598 1131 1652 petulantem
1178 1598 1318 1640 fecisti
1366 1599 1476 1640 inter

216 1668 353 1709 sacra,
402 1655 543 1697 fecisti
594 1655 919 1710 religiosissimo
965 1655 1071 1697 loco.
1142 1655 1201 1697 Et
1240 1658 1475 1710 utcumque,

216 1713 444 1754 temeraria
474 1713 584 1767 licet,
627 1713 770 1768 aliqua
800 1714 910 1755 ratio
942 1715 1086 1755 tamen
1118 1717 1343 1768 appareret
1371 1714 1475 1756 facti

213 1771 295 1824 tui,
328 1771 363 1812 si
394 1771 556 1825 impetu
586 1772 729 1825 lapsus
762 1785 896 1825 esses,
937 1771 974 1812 si
1004 1771 1153 1813 ductus
1184 1771 1268 1813 ira:
1310 1771 1474 1813 nullam

215 1829 499 1882 petulantiam
531 1830 668 1884 magis
701 1829 789 1883 odi,
821 1844 949 1884 quam
980 1843 1086 1883 quae
1117 1843 1161 1871 se
1191 1831 1364 1884 propter
1394 1829 1475 1872 hoc

310 1981 330 2011 2
358 1978 486 2024 atque]
514 1979 551 2012 et
574 1981 600 2011 B
619 1979 631 2022 ΙΙ
650 1979 733 2013 sunt
757 1988 820 2012 om.
846 1981 872 2011 B
903 1979 914 2022 11
945 1981 967 2012 4
993 1978 1021 2012 si
1045 1981 1071 2010 B
1101 1977 1114 2022 ΙΙ
1145 1977 1350 2023 a[u]ctores
1374 1978 1472 2023 Aeru

213 2034 287 2058 non
322 2026 394 2066 Aa,
434 2024 525 2059 haec
549 2027 596 2068 B,
632 2035 699 2059 nec
723 2027 774 2057 Ab
811 2025 822 2068 Η
855 2028 874 2059 6
906 2023 1000 2070 (et)
1023 2024 1054 2058 si
1077 2023 1135 2059 Ro
1153 2024 1165 2068 ΙΙ
1183 2027 1204 2059 8
1241 2024 1476 2059 remittantur

213 2071 241 2104 t.
275 2080 305 2105 e.
337 2081 371 2114 q.
403 2070 590 2115 pertinent
624 2081 656 2106 a.
695 2071 722 2106 t.
761 2072 903 2106 restant
938 2073 965 2103 B
1002 2071 1013 2115 ΙΙ
1050 2074 1070 2104 9
1103 2069 1151 2104 ad
1186 2069 1365 2115 templum
1400 2072 1474 2113 AB,

214 2126 304 2151 corr.
329 2118 414 2160 Aer,
453 2117 499 2151 ad
523 2117 710 2162 pulsatum
736 2117 790 2152 Gr
813 2119 825 2162 ΙΙ
848 2116 1035 2162 pertinent
1057 2118 1142 2149 AaB
1166 2117 1180 2161 ῃ
1206 2119 1248 2151 13
1273 2116 1476 2161 pulsaverit

214 2184 278 2209 om.
305 2177 335 2207 A
364 2175 376 2219 ΙΙ
415 2165 458 2208 ἶ
482 2178 545 2208 AB
575 2176 586 2219 ll
618 2174 697 2209 dari
721 2178 750 2208 A
778 2176 789 2220 Η
826 2178 868 2210 15
893 2173 1105 2219 putulantia
1129 2177 1158 2207 A
1184 2175 1196 2219 u
1227 2178 1268 2208 17
1293 2174 1474 2218 pascimus

214 2223 243 2254 A
261 2222 272 2265 Η
293 2224 335 2256 18
362 2220 475 2256 etiam
499 2222 651 2256 tacitam
677 2224 788 2256 ment.
815 2224 841 2255 B
861 2223 872 2266 ΙΙ
891 2225 935 2256 28
959 2220 1015 2256 tui
1041 2222 1078 2255 et
1102 2220 1133 2255 si
1157 2223 1182 2253 B
