1578 2470
427 101 855 139 DECLAMATIONES.
882 101 1116 139 CCCLXXII.
1332 103 1419 146 409

134 211 285 255 boris?
318 210 369 253 de
401 225 471 254 me
502 211 631 255 facile
661 213 744 254 est:
775 212 993 254 inveniam
1019 214 1206 268 patrem3
1238 211 1314 254 sed
1339 206 1434 255 tibi‘

134 271 288 315 timeo:
321 270 434 314 soles
467 271 580 314 enim
610 271 860 327 periclitari.

623 411 938 458 CCCLXXII.

360 495 592 540 Pulsator
622 494 894 539 educatoris
926 495 1194 550 expositus.

135 591 224 643 QUI
261 603 452 634 PATREM
487 602 793 646 PULSAVER1T‚
835 602 992 634 MANUS
1031 603 1080 634 EI
1118 603 1421 635 INCIDANTUR.

255 662 472 694 TALIONIS
493 662 565 694 SIT
585 662 739 694 ACTIO.
766 649 950 701 Quidam
971 651 1216 707 expositum
1231 651 1422 706 sustulit,

255 726 334 766 pro
371 710 463 753 filio
495 709 706 753 educavit.
767 711 965 765 pulsatus
998 712 1052 753 ab
1087 725 1157 766 eo,
1197 713 1422 766 tamquam

254 772 380 826 pater
409 784 563 812 manus
602 769 767 812 incidit.
847 770 1021 826 agnitus
1061 772 1127 812 est
1159 770 1423 812 adulescens.

259 829 468 872 advocato
510 829 704 871 naturali
749 831 871 883 patre
915 844 1012 872 cum
1057 829 1286 872 educatore
1331 828 1424 885 agit

253 888 443 931 talionis.

546 1016 1005 1061 DECLAMATIO.

225 1112 594 1156 Sceleratissimus
621 1114 825 1168 omnium,
857 1114 1032 1168 iudices,
1062 1113 1245 1168 iuvenis,
1278 1114 1423 1169 ingra-

135 1174 220 1228 tus,
250 1172 320 1215 vel
353 1173 456 1228 quia
485 1173 625 1214 lucem
658 1173 865 1215 beneficio
891 1187 988 1215 meo
1021 1172 1189 1227 accepit
1219 1173 1290 1214 vel
1323 1173 1424 1228 quia

138 1232 221 1286 [in]
254 1233 444 1286 patrem:
482 1231 550 1274 bis
581 1231 798 1286 parricida
829 1235 907 1287 est,
940 1232 1074 1274 semel
1106 1232 1234 1286 domi,
1266 1232 1423 1273 iterum

136 1293 184 1334 in
220 1291 328 1334 foro.
390 1305 519 1346 quam
557 1290 712 1333 merito
753 1294 952 1334 cruentas
990 1290 1226 1346 perdiderit
1256 1305 1424 1346 manus,

138 1351 176 1394 si
219 1350 316 1406 quis
361 1349 500 1392 adhuc
544 1350 778 1405 dubitabit,
822 1350 1024 1405 aspiciat:
1068 1349 1226 1392 iterum
1271 1365 1339 1392 me
1380 1350 1424 1391 in

139 1410 373 1465 conspectu
410 1411 556 1452 vestro
594 1410 756 1466 pulsat3
795 1410 926 1452 etiam
964 1411 1143 1452 truncus
1177 1423 1226 1451 ac
1258 1409 1426 1460 debilis,

140 1469 235 1512 sola
253 1468 372 1510 rabie
397 1468 579 1524 integer,
598 1469 642 1510 in
668 1469 875 1511 miserum
903 1483 1048 1511 senem
1070 1468 1264 1511 incurrit.
1293 1468 1425 1523 quid?

140 1529 178 1570 si
219 1528 403 1570 haberet
445 1528 631 1570 manus?
688 1542 738 1570 ac
784 1542 837 1569 ne
884 1529 979 1583 quis
1022 1528 1147 1570 illum
1192 1527 1426 1570 coercitum

140 1602 282 1643 poena
308 1589 446 1642 putet,
478 1587 610 1628 etiam
637 1587 840 1630 audacior
864 1587 1006 1630 factus
1033 1589 1112 1630 est.
1156 1587 1425 1629 debilitatem

140 1661 282 1689 meam
327 1646 593 1701 concupiscit
638 1650 682 1688 et
721 1646 760 1688 ei
801 1647 1032 1702 praecipue
1074 1646 1267 1701 corporis
1311 1647 1426 1701 parti

140 1706 361 1759 irascitur,
402 1720 481 1760 per
518 1720 646 1761 quam
687 1705 807 1748 vivit.
867 1706 1028 1760 fateor,
1066 1706 1247 1759 iudices,
1284 1705 1427 1748 fateor

139 1765 449 1820 praecidendas
480 1765 615 1807 fuisse
646 1764 726 1807 has
758 1780 926 1818 manus,
958 1766 1032 1807 sed
1062 1779 1159 1807 cum
1185 1765 1318 1807 istum
1342 1765 1425 1807 tol-

140 1825 291 1868 lerent.
353 1838 432 1866 nec
470 1824 674 1866 erubesco
708 1823 843 1880 (quod
876 1825 930 1867 ab
962 1825 1047 1867 isto
1080 1824 1308 1866 minimum
1341 1822 1427 1879 est)

238 1955 262 1987 4
285 1952 518 1997 pulsatorem
543 1955 610 1986 AB
631 1953 642 1998 ΙΙ
661 1951 849 1987 ducatoris
875 1955 904 1985 A
924 1952 935 1996 ΙΙ
962 1955 982 1987 5
1008 1951 1196 1987 incidatur
1221 1955 1247 1986 B
1267 1953 1280 1997 ΙΙ
1299 1956 1319 1987 6
1345 1952 1426 1987 tha-

142 1999 254 2036 lionis
278 2000 338 2035 hic
362 2003 395 2034 et
413 2003 542 2044 postea
565 2002 594 2033 Β
619 2000 631 2046 ΙΙ
656 2002 676 2034 8
715 2011 759 2045 pr
784 2002 831 2042 A,
862 2000 963 2044 patri
986 2002 1014 2033 B
1033 2001 1045 2046 ΙΙ
1065 2003 1085 2034 9
1111 2000 1278 2034 naturari
1302 2002 1332 2034 A
1351 2000 1363 2044 ΙΙ
1385 2003 1428 2034 14

140 2058 263 2106 *[in]‚
289 2059 335 2103 cf.
362 2061 445 2101 417,
464 2061 513 2095 25
526 2069 576 2103 sq.
606 2058 618 2103 ll
646 2057 750 2093 domi
775 2069 840 2093 om.
870 2061 924 2092 Aa
954 2059 966 2104 ΙΙ
997 2058 1052 2093 itr
1077 2061 1106 2093 A
1132 2060 1145 2104 ΙΙ
1178 2062 1221 2094 16
1249 2059 1430 2103 aspiciaet

139 2109 171 2142 Δ
200 2107 213 2152 ΙΙ
245 2110 334 2142 12-
342 2109 385 2141 16
417 2105 746 2141 sceleratissimus.
763 2105 946 2150 .iuvenis‚
984 2106 1153 2152 ingratus
1177 2105 1239 2142 vel
1248 2106 1373 2161 quia.

141 2153 289 2200 accepit
313 2153 375 2189 vel
400 2153 490 2198 quia
513 2154 552 2188 in
577 2155 724 2198 patrem
748 2153 806 2188 bis
830 2153 1021 2197 parricida
1046 2155 1113 2198 est,
1141 2166 1167 2189 s.
1189 2155 1222 2189 d.
1244 2154 1268 2190 i.
1290 2154 1316 2190 i.
1334 2153 1427 2198 foro

141 2213 255 2247 quam
286 2200 433 2236 merito.
483 2199 735 2246 perdiderit.
776 2200 966 2245 ,aspiciat
1017 2212 1096 2236 una
1121 2202 1430 2247 comprehensione

141 2250 242 2284 omni
266 2261 290 2284 a
315 2249 520 2294 complexus
546 2248 603 2283 Ro
622 2249 634 2292 ΙΙ
655 2252 698 2282 19
727 2229 768 2281 Ν
797 2248 857 2293 All
882 2252 926 2283 23
953 2248 1200 2293 procidendae
1225 2252 1256 2283 A
1275 2250 1286 2295 Η
1305 2261 1429 2284 secum

144 2295 231 2330 dum
258 2296 370 2331 istum
398 2298 451 2330 Aa
469 2297 481 2341 ΙΙ
501 2295 660 2331 tolerent
685 2297 730 2339 B,
758 2295 924 2331 colerent
949 2299 975 2330 P

1451 898 1494 930 10

1452 1300 1495 1332 15

1452 1597 1498 1629 20
