1578 2470
223 92 310 134 394
702 93 999 136 QUINTILIANI

223 213 362 254 gasse,
386 200 614 242 laborasse.
651 201 757 242 illud
781 204 1002 255 praeterea
1027 205 1176 256 potens
1203 205 1267 245 est
1287 218 1363 258 pro
1385 204 1474 258 illo,

221 272 308 299 non
338 258 526 312 potuisse
557 258 774 300 dominum
805 259 930 301 illum·
958 260 1062 301 furti
1093 273 1230 315 agere.

595 374 1095 429 <DECLAMAT10.>

310 455 460 510 Itaque
491 455 615 497 iudex
648 456 748 511 quid
778 456 1098 510 pronuntiavit?
1137 458 1336 500 nimirum
1368 458 1474 500 mihi

175 527 195 558 5
222 511 383 555 furtum
414 528 505 555 esse
536 514 707 556 factum.

717 629 980 674 GCGLXII.

482 700 687 742 Invicem
718 700 985 753 pulsatores
1015 700 1219 754 patrum.

221 780 305 829 Qm
339 792 524 823 PATREM
560 793 860 836 PULSAVERIT,
903 793 1055 824 MANUS
1093 794 1136 824 El
1177 793 1475 825 INOIDANTUR.

338 838 434 880 Duo
468 839 759 882 adulescentes
787 841 983 895 aequales
1008 840 1264 894 iuraverunt,
1295 843 1343 882 ut
1367 841 1475 882 alter

151 910 194 942 10
337 898 511 939 alterius
547 900 714 951 patrem
745 899 979 940 caederent.
1028 899 1280 940 ceciderunt.
1328 901 1476 953 petun-

335 957 406 996 tur
436 970 604 1010 manus,
634 959 778 1010 patres
810 956 1036 998 vindicant.

735 1071 961 1114 SERMO.

304 1140 454 1183 Fuisse
498 1141 602 1182 duos
646 1141 826 1183 sodales.
892 1141 1085 1195 patribus
1128 1143 1156 1194 †
1175 1155 1227 1183 ex
1256 1143 1426 1184 austero
1445 1143 1473 1194 †

218 1199 551 1255 indulgentibus,
578 1213 703 1253 saepe
729 1200 861 1241 coisse
882 1199 934 1240 ad
955 1200 1107 1253 lusum,
1132 1198 1372 1254 frequenter
1390 1213 1476 1241 una

150 1270 192 1302 15
218 1258 360 1300 fuisse.
421 1257 603 1311 quodam
639 1259 847 1311 tempore,
885 1271 978 1299 cum
1020 1257 1130 1298 alter
1161 1271 1211 1298 ex
1240 1257 1307 1299 his
1339 1257 1472 1299 serius

218 1317 263 1358 in
295 1315 535 1357 convivium
563 1315 761 1369 venisset,
792 1315 949 1357 dixisse
975 1315 1159 1357 alterum
1183 1315 1394 1358 »fortasse
1419 1318 1473 1370 te,

217 1377 265 1416 ut
297 1374 418 1428 solet,
449 1374 522 1414 ille
554 1388 680 1415 senex
710 1373 902 1427 retinuit,
936 1373 1009 1415 sed
1037 1387 1123 1415 non
1147 1373 1256 1415 feret
1281 1373 1473 1427 impune:

218 1446 298 1488 ego
341 1432 463 1473 illum
509 1432 785 1474 verberabo«.
844 1431 956 1473 hunc
999 1431 1147 1473 deinde
1193 1431 1472 1486 respondisse,

217 1493 288 1532 »et
326 1503 405 1544 ego
442 1492 565 1531 tuum
601 1489 814 1532 caedam«.
875 1504 969 1531 cum
1008 1490 1184 1531 alternis
1221 1489 1362 1532 verbis
1393 1489 1475 1532 iao-

148 1560 192 1592 20
217 1551 413 1591 tarentur
450 1548 607 1603 minae,
652 1550 693 1590 et
728 1550 904 1602 uterque
942 1550 1168 1602 metueret,
1208 1562 1261 1589 ne
1291 1548 1474 1590 inultum

215 1607 393 1648 haberet
428 1609 612 1661 patrem,
648 1607 809 1648 iurasse
846 1607 889 1648 in
919 1605 1128 1648 ultionem
1158 1606 1295 1661 magis
1326 1619 1476 1660 paren-

215 1667 319 1720 tum,
352 1679 479 1719 quam
510 1664 720 1706 iniuriam.

709 1790 852 1834 cccl.
858 1791 993 1834 XIII.

539 1861 798 1915 Vestiplica
827 1872 913 1915 pro
945 1860 1147 1904 domina.

148 1955 192 1987 25
216 1943 384 1986 MALAE
416 1954 753 1986 TRAc'rA'rmms
785 1954 855 1985 sm*
887 1954 1037 1985 ACTIO.
1087 1941 1268 1991 Quidam
1298 1955 1470 1996 pauper,

328 2002 543 2044 formosae
558 2002 748 2054 maritus,
764 2016 788 2043 a
801 2002 1026 2055 peregrino
1046 2000 1184 2042 vicino
1203 1999 1470 2055 negotiatore

306 2108 326 2139 3
352 2103 636 2151 <Declamatio>
661 2103 731 2139 Sch
748 2105 761 2148 ΙΙ
780 2107 800 2138 8
825 2103 882 2138 illi
906 2106 932 2136 B
949 2103 962 2146 ΙΙ
987 2107 1007 2138 9
1030 2103 1124 2138 alter
1142 2102 1235 2137 alter
1253 2104 1278 2135 B
1297 2103 1310 2146 ΙΙ
1330 2104 1372 2136 10
1391 2111 1471 2136 cae-

214 2151 318 2186 deret
349 2150 525 2186 cederunt
555 2153 581 2184 B
618 2152 631 2195 ΙΙ
669 2155 710 2185 13
738 2161 782 2185 ex
807 2152 950 2185 austero
977 2150 1070 2185 tueri
1095 2151 1245 2184 conatur
1270 2147 1469 2192 Schultiny.

212 2198 262 2288 ccl?
285 2197 411 2280 ἕὲςειὲ
433 2201 586 2233 controv.
614 2198 651 2240 I,
671 2201 693 2232 7
714 2208 752 2241 p.
775 2200 843 2232 115
867 2198 880 2241 ΙΙ
907 2200 952 2231 20
977 2207 1043 2231 nec
1069 2198 1099 2229 Δ
1127 2197 1139 2240 ΙΙ
1170 2197 1214 2229 25
1240 2194 1303 2240 sit]
1328 2193 1400 2229 ista
1424 2196 1471 2237 Δ,

251 2271 258 2278 “
356 2271 368 2288 ³
