1604 2488
141 946 182 977 10

140 1236 181 1267 15

142 1526 186 1556 20

138 1815 183 1846 25

217 99 235 140 1
245 99 300 140 64
695 101 995 145 QUINTILIANI

213 206 276 247 tia
318 206 469 260 ipsius,
512 207 669 250 nullius
713 209 848 251 maior
887 210 1043 252 iniuria
1079 213 1161 265 est,
1204 225 1330 266 quam
1366 226 1471 254 mea.

211 264 378 317 perdidi
414 265 663 308 beneficium
709 270 751 308 et
796 267 932 310 adhuc
976 271 1195 324 suspectus
1233 283 1338 312 sum.
1397 270 1470 312 ha-

212 321 400 363 biturum
438 337 505 364 me
542 325 764 379 putabam,
801 326 873 380 qui
909 326 1072 368 veniret
1108 327 1154 368 in
1195 327 1335 370 locum
1364 328 1469 370 libe-

211 393 366 421 rorum.

716 497 967 542 CCXGIII.

495 578 743 631 Tyrannus
774 580 924 623 victae
954 580 1181 625 civitatis.

210 668 330 712 Vino
356 682 495 712 Fon'm
521 683 773 715 PRAEMIUM.
816 673 996 723 Quidam
1021 674 1190 716 fortiter
1213 674 1323 718 fecit.
1359 676 1469 730 petit

327 730 518 782 praemio
550 731 823 784 tyrannidem
854 732 989 775 victae
1022 733 1221 776 civitatis.

619 857 1062 903 DECLAMATIO.

297 936 451 978 Omnia
489 937 626 980 danda
663 953 754 981 esse
791 940 892 982 viris
930 940 1111 983 fortibus
1149 940 1260 995 dico;
1296 955 1373 983 nec
1403 942 1464 983 in-

208 995 358 1036 merito
391 995 544 1049 danda,
581 997 726 1051 utique
766 1012 817 1039 ex
847 998 985 1040 victis.
1045 1013 1132 1041 non
1164 999 1372 1040 aerarium
1403 999 1465 1040 in·

208 1053 361 1107 quieto,
391 1068 477 1095 non
509 1054 788 1098 sacerdotium
818 1057 956 1110 rapio:
987 1058 1100 1111 peto,
1130 1060 1179 1098 ut
1206 1057 1292 1098 sint
1316 1057 1463 1098 hostes

206 1111 251 1151 in
270 1125 364 1152 mea
383 1114 608 1165 potestate.
635 1127 683 1154 ac
701 1102 887 1166 piimum
906 1115 1095 1156 omnium
1107 1115 1334 1170 interrogo,
1354 1115 1466 1170 quis-

207 1168 357 1223 <quis>
379 1172 444 1210 est
462 1169 542 1211 iste
563 1171 634 1223 qui
651 1171 863 1224 prohibet,
882 1172 1102 1226 iuste<ne>
1123 1175 1311 1226 peterem
1332 1173 1462 1214 etiam

207 1227 467 1268 eversionem
497 1227 713 1269 hostium?
768 1243 815 1271 ac
846 1232 937 1270 tum
968 1230 1109 1271 nescio
1141 1229 1235 1284 quis
1266 1230 1347 1271 iste
1377 1244 1465 1271 non

209 1284 330 1326 stetit
354 1285 399 1326 in
424 1285 540 1326 acie?
571 1285 634 1326 illi
655 1286 691 1327 si
711 1286 926 1341 vicissent,
956 1287 1181 1342 tyrannide
1213 1301 1257 1329 se
1279 1287 1466 1329 vindica-

206 1345 314 1384 rent.
346 1343 406 1384 sic
432 1357 557 1399 agere
583 1344 690 1398 volo,
721 1347 944 1400 tamquam
963 1345 1132 1388 futurus
1153 1345 1352 1387 crudelis:
1384 1348 1469 1387 me*-

205 1404 392 1442 ruerunt.
423 1401 630 1443 vindicari
658 1404 840 1456 potestis
875 1404 966 1445 sine
991 1403 1162 1445 invidia.
1202 1403 1252 1445 de
1278 1418 1346 1445 me
1372 1417 1470 1458 que-

207 1461 371 1512 rantur,
402 1460 469 1501 cui
501 1459 662 1514 aliquid
693 1460 780 1502 iam
811 1461 1061 1503 irascuntur.
1106 1460 1374 1516 tyrannidem
1405 1461 1469 1502 in-

211 1530 367 1570 ponere
404 1517 520 1559 volo:
560 1518 773 1569 asperiora
809 1519 1004 1563 narrabo.
1063 1519 1268 1574 plurimos
1306 1534 1357 1560 ex
1394 1518 1469 1560 illa

208 1574 378 1615 civitate
406 1589 534 1616 manu
559 1575 638 1617 hac
665 1576 810 1618 occidi.
850 1577 922 1618 sed
946 1578 1151 1631 numquid
1177 1577 1298 1619 vobis
1324 1576 1468 1619 videor

210 1646 379 1685 avarus,
414 1632 697 1675 libidinosus?
751 1634 872 1675 aliter
911 1635 1035 1676 crevi.
1091 1635 1235 1677 eadem
1268 1648 1368 1688 ergo
1400 1649 1467 1676 ra-

207 1690 323 1732 tione
354 1690 435 1732 hoc
466 1692 582 1744 peto,
615 1705 698 1745 qua
733 1691 903 1733 fortiter
933 1692 1026 1734 feci.
1074 1693 1134 1734 sic
1164 1692 1376 1746 praesidia
1406 1692 1468 1732 in-

207 1761 425 1801 ponemus.
482 1748 646 1790 tamdiu
678 1752 881 1804 tyrannus
915 1765 1005 1803 ero,
1037 1749 1236 1805 quamdiu
1265 1751 1467 1804 poterunt

214 1806 431 1847 rebellare.

303 1935 320 1966 2
346 1932 597 1967 habitaturum
622 1935 674 1966 Aa
698 1933 709 1977 ss
735 1936 754 1967 6
786 1933 951 1976 tyrannis
977 1932 1077 1968 vitae
1103 1932 1168 1968 civ.
1198 1935 1250 1967 Aa.
1279 1934 1292 1977 ΙΙ
1322 1936 1343 1968 8
1367 1932 1466 1968 vitae

206 1980 265 2011 Aa
294 1978 305 2023 ΙΙ
336 1982 355 2013 9
382 1977 611 2014 Declamatio
647 1989 712 2014 om.
746 1982 772 2012 B
797 1979 808 2023 ΙΙ
836 1983 878 2014 10
915 1979 1015 2014 omni
1046 1979 1216 2014 addanda
1239 1981 1308 2023 Aa,
1345 1978 1468 2014 omnia

206 2023 340 2058 damna
365 2028 391 2058 B
420 2025 431 2068 ΙΙ
463 2029 600 2060 13-14
627 2024 846 2072 quis<quis>
872 2026 927 2061 est
950 2025 974 2060 i.
1001 2037 1035 2070 q.
1061 2025 1242 2071 prohibet,
1267 2024 1468 2072 iuste<ne>

205 2070 264 2105 Ro
293 2072 304 2115 Η
338 2075 484 2105 13-16
508 2071 746 2114 fortasse*ac
773 2083 826 2116 pr.
853 2083 885 2107 o.
912 2071 1046 2116 intem,
1078 2072 1159 2116 quis
1193 2073 1249 2107 est
1271 2071 1296 2108 i.
1321 2083 1355 2115 q.
1382 2082 1467 2115 pro-

205 2115 332 2151 hibet?
358 2129 406 2152 an
429 2119 509 2152 tum
534 2129 568 2152 n.
595 2129 629 2162 q.
655 2118 678 2154 i.
705 2130 739 2153 n.
760 2122 794 2152 st
818 2118 840 2154 i.
870 2118 971 2153 acie?
997 2118 1092 2153 iuste
1115 2129 1150 2162 p.
1178 2129 1206 2153 e.
1229 2128 1258 2152 e.
1285 2116 1466 2152 hostium:

206 2162 262 2196 illi
287 2164 317 2198 si
341 2164 410 2198 vic.
437 2167 497 2199 etc.
519 2164 530 2208 ss
552 2167 594 2199 16
621 2164 651 2199 si
675 2175 740 2199 om.
767 2167 793 2198 B
818 2166 830 2210 ΙΙ
854 2164 1065 2210 tyrannides
1091 2166 1128 2200 et
1152 2164 1251 2200 vind.
1276 2166 1314 2207 Β,
1338 2165 1463 2208 tyran-

205 2209 294 2244 nida
321 2211 358 2244 et
383 2221 415 2244 v.
440 2213 466 2243 P
484 2211 496 2254 ΙΙ
517 2214 559 2245 19
585 2210 788 2246 irascantur
811 2213 837 2244 B
