1578 2470
427 103 853 142 DECLAMATIONES.
875 104 1147 142 cchxxxn.
1338 105 1424 148 427

553 213 593 256 D
603 214 640 257 E
650 213 683 258 C
692 213 727 256 L
737 213 876 256 AMA
885 213 1006 257 ΤΙΟ.

226 284 414 329 »Cuius
448 299 633 342 opera«
672 285 823 341 inquit.
887 299 1065 340 operam
1109 287 1216 341 puto
1260 285 1424 328 laboris

137 359 250 400 esse,
291 345 467 400 proelii,
513 359 746 388 armorum.
808 347 857 386 tu
899 359 1031 400 quam
1071 344 1177 387 dicis
1216 345 1424 400 operam?

138 404 340 448 consilii?
397 405 519 460 atqui
548 418 695 459 nemo,
726 407 776 446 ut
807 404 1037 460 proposuit
1069 404 1154 446 sibi
1186 404 1424 460 tyrannici-

135 461 274 519 dium,
312 464 516 506 continuo
549 463 821 518 tyrannicida
853 466 931 506 est.
991 465 1116 506 tuum
1147 463 1292 518 ipsum
1325 477 1424 506 con-

137 522 284 567 silium
326 523 430 578 quid
466 522 703 578 profuisset
735 523 844 566 citra
875 537 1053 565 manum
1085 523 1257 565 meam?
1320 537 1423 578 ergo

135 596 316 638 operam
353 582 423 624 lex
462 582 694 625 desiderat·
743 582 839 624 ideo
871 583 1044 624 tantum
1076 581 1273 626 concedit
1303 596 1423 637 prae-

135 641 284 684 mium.
346 642 465 697 atqui
498 642 534 683 si
565 641 673 684 haec
706 655 838 696 opera
869 643 954 695 est,
987 655 1068 697 ego
1100 641 1304 697 pugnavi.

225 699 340 755 „Sed
372 714 471 756 ego,
502 700 664 756 inquit,
696 700 919 742 110111111111α
979 700 1106 755 Puta,
1138 715 1293 767 nempe
1325 715 1424 743 con-

135 759 315 815 duxisti,
354 764 403 802 ut
433 759 706 816 tyrannicida
737 774 896 815 essem3
938 762 1164 815 tamquam
1197 760 1235 801 si
1267 760 1422 802 condu-

135 819 286 871 xisses,
317 821 365 861 ut
396 818 616 874 gladiator
649 821 724 861 aut
754 819 910 861 histrio
944 833 1095 873 essem,
1128 819 1166 861 si
1198 819 1422 862 conduxis-

136 891 216 928 ses,
248 880 298 920 ut
328 877 548 920 hominem
580 878 836 921 occiderem:
867 892 1022 933 nempe
1053 881 1102 920 ut
1134 892 1214 934 ego
1239 880 1421 921 tenerer.

132 951 251 991 „non
281 939 358 979 tua
389 940 544 993 sponte
575 937 916 993 tyrannicidium
946 936 1128 980 fecisti.“
1182 938 1300 980 istud
1332 952 1421 980 om-

134 996 264 1038 nibus
305 995 387 1038 dici
427 999 594 1052 potest:
654 997 775 1038 illum
818 997 981 1039 sororis
1019 998 1172 1051 raptus
1213 997 1420 1052 accendit,

133 1054 248 1098 hunc
290 1055 438 1098 uxoris
477 1058 688 1111 stuprum.
750 1069 848 1111 age,
893 1056 929 1098 si
967 1055 1170 1098 hortatus
1215 1070 1331 1098 esses
1376 1056 1421 1099 in

133 1114 483 1169 tyrannicidium,
514 1115 757 1170 praemium
788 1115 988 1170 peteres?
1028 1114 1111 1168 Sed
1146 1117 1190 1156 tu
1222 1130 1290 1157 me
1322 1130 1419 1171 pro-

134 1176 232 1228 pter
270 1174 510 1216 mercedem
546 1177 667 1216 tuam
706 1176 834 1229 putas
867 1174 1202 1229 tyrannicidium
1234 1174 1419 1217 fecisse?

134 1234 306 1274 tantum
333 1233 536 1275 meritum
556 1233 876 1275 mercennariae
898 1247 1053 1288 operae
1077 1233 1300 1287 imputas?
1332 1248 1419 1276 non

135 1293 202 1333 est
243 1290 421 1334 humilis
465 1292 653 1347 pectoris
697 1292 946 1334 libertatem
988 1291 1211 1347 publicam
1255 1307 1418 1347 capere.

133 1350 298 1392 etenim
330 1351 366 1392 si
391 1354 468 1393 tua
493 1365 656 1393 merces
682 1365 855 1393 movere
880 1365 948 1393 me
974 1351 1130 1406 potuit,
1161 1351 1301 1394 multo
1328 1367 1419 1394 ma·-

134 1409 202 1465 gis
234 1410 475 1464 praemium
507 1411 663 1452 movit:
709 1413 752 1452 et
788 1410 884 1452 ideo
917 1410 971 1452 ad
1002 1424 1071 1451 me
1104 1411 1279 1464 venisti,
1318 1411 1420 1466 quia

132 1467 390 1510 intellexisti
423 1484 448 1510 a
478 1470 600 1511 vultu
627 1469 938 1525 cogitationem
962 1469 1271 1524 tyrannicidae.
1305 1469 1419 1524 „Gur

134 1541 251 1583 ergo,
281 1527 434 1583 inquit,
466 1528 703 1571 mercedem
737 1527 1003 1584 accepisti?“
1034 1528 1136 1571 Non
1168 1528 1417 1584 cupiditatis

69 1603 74 1606 ·
134 1601 277 1641 causa,
309 1587 383 1629 sed
413 1587 630 1643 pignoris:
663 1588 764 1644 quia
794 1587 1000 1643 temptari
1031 1602 1100 1630 me
1127 1588 1277 1644 putavi
1304 1591 1348 1631 et
1372 1590 1416 1631 te

133 1660 159 1688 a
189 1647 376 1701 tyranno
409 1647 700 1689 summissum.

220 1704 358 1760 „Quid
389 1719 507 1761 ergo,
539 1706 622 1749 duo
654 1706 848 1761 praemia
879 1706 1054 1749 feres?“
1090 1706 1191 1749 Ideo
1218 1707 1417 1762 tyranni-

132 1763 383 1820 cida<non>
396 1765 520 1807 sum?
553 1768 593 1807 et
623 1768 672 1807 tu
703 1766 791 1807 iam
822 1765 957 1808 habes
989 1766 1248 1822 praemium:
1280 1767 1418 1821 patri-

131 1823 343 1878 monium,
374 1823 555 1879 liberos,
585 1825 765 1879 tyranni
797 1828 982 1867 mortem
1015 1824 1314 1868 desideratam.

227 1919 248 1951 3
274 1916 356 1951 tum
380 1919 419 1961 Β,
446 1928 497 1952 an
515 1916 708 1969 *tu<a>m
723 1916 773 1962 (ἓ)
794 1918 806 1960 ΙΙ
826 1921 846 1952 5
872 1917 989 1962 ipsius
1014 1917 1073 1952 Ro
1092 1920 1104 1962 u
1124 1922 1144 1952 6
1170 1917 1353 1962 profuisse
1380 1919 1418 1953 et

131 1965 158 1996 B
177 1964 190 2008 u
210 1966 230 1998 7
257 1962 446 1999 desideret
469 1967 496 1997 Β
516 1965 529 2009 ss
547 1963 632 1999 ideo
658 1968 761 1999 notat
787 1964 916 2009 R0118
943 1966 1100 2010 operata
1125 1968 1182 2000 est
1206 1967 1236 1998 A
1266 1965 1278 2010 ΙΙ
1306 1968 1345 1999 11
1375 1967 1417 2000 ut

131 2009 180 2055 gl.
208 2020 242 2045 a.
268 2011 304 2046 h.
331 2021 362 2045 e.
390 2022 418 2047 s.
445 2010 683 2046 conduxisses
708 2022 775 2046 om.
802 2011 950 2056 Aa1112
977 2013 1014 2046 et
1039 2013 1118 2054 AB,
1144 2022 1235 2048 corr.
1262 2011 1320 2047 Ro
1339 2012 1351 2056 ΙΙ
1373 2016 1416 2047 14

130 2057 342 2093 *accendet
366 2061 414 2102 A,
441 2058 588 2094 accedit
612 2061 640 2092 B
671 2060 683 2103 ΙΙ
714 2060 888 2103 raptus
921 2061 951 2092 A
976 2059 988 2103 ΙΙ
1016 2062 1059 2094 15
1085 2059 1158 2094 huc
1182 2061 1209 2092 Β
1235 2059 1248 2104 Π
1278 2059 1415 2095 sororis

130 2107 217 2148 AB,
250 2116 340 2141 corr.
366 2105 425 2141 Ro
456 2106 468 2150 ΙΙ
501 2109 544 2141 16
575 2106 659 2148 fort.
687 2106 760 2141 *et
790 2108 832 2141 tu
863 2107 875 2151 ΙΙ
909 2110 952 2142 18
984 2108 1129 2141 tantum
1154 2107 1364 2152 praemium
1384 2119 1419 2151 p

130 2162 241 2188 meic.
267 2155 295 2187 Β
326 2153 338 2198 ΙΙ
367 2153 620 2188 mercenariae
645 2153 717 2198 Δ·ΙΙ
747 2158 977 2189 mercensi
1003 2154 1126 2198 A1122
1154 2154 1329 2190 avoltu
1355 2157 1415 2192 A
1404 2155 1415 2174 '³

129 2199 236 2235 voltu
262 2203 292 2234 A
310 2200 322 2245 11
342 2204 388 2235 24
412 2200 645 2245 pignoris
671 2203 702 2234 A
720 2201 731 2245 ss
764 2204 809 2236 26
835 2200 923 2236 Ideo
948 2202 1096 2246 tyrann.
1123 2212 1216 2237 sum.
1243 2202 1320 2237 edd.
1348 2213 1414 2238 see.

130 2248 194 2280 AB
219 2248 231 2292 ΙΙ
256 2251 300 2283 27
326 2246 457 2295 <non>
482 2247 539 2283 Ro
558 2248 570 2293 ΙΙ
589 2252 631 2284 ut
656 2250 734 2293 AB,
761 2259 852 2284 corr
880 2249 938 2285 Ro
956 2250 968 2295 ΙΙ
988 2250 1028 2284 at
1053 2250 1131 2293 (sec.
1160 2249 1248 2293 Obr)
1274 2251 1315 2284 tu
1341 2249 1416 2284 tria

130 2293 206 2330 iam
231 2295 346 2331 habes
371 2295 540 2341 praemia
563 2294 633 2331 Seh

1450 771 1497 804 10

1449 1067 1492 1099 15

1445 1362 1490 1395 20

1442 1659 1488 1691 25
