1578 2470
419 99 849 137 DECLAMATIONEs.
876 86 1164 137 ccenxxxiv.
1352 100 1439 142 429

158 209 323 264 exulat,
362 210 437 252 alii
470 210 670 252 scelerati
702 209 850 252 mitius
882 209 1139 264 puniuntur:
1183 209 1323 251 malae
1354 211 1441 252 tra-

155 268 360 312 ctationis
393 269 622 311 damnatus
656 269 902 312 occidetur?
942 267 1087 324 „Mea,
1119 268 1282 324 inquit,
1313 268 1440 311 aesti-

155 328 289 371 matio
329 328 446 371 est“:
488 327 628 371 Immo
668 328 869 371 iudicum.
930 331 1007 370 tua
1037 328 1083 370 in
1115 343 1200 370 una
1232 328 1329 383 lege
1363 331 1441 382 est,

153 402 286 443 quam
325 387 537 443 habuisti3
591 390 634 430 et
674 388 743 430 lex
784 388 860 430 ubi
900 387 1041 442 perire
1072 388 1168 430 vult
1206 387 1441 441 hominem,

152 450 302 502 aperte
334 447 571 503 significat:
603 447 871 490 »desertor
903 446 1208 489 occidatur.«
1468 458 1489 490 5

677 565 910 608 SERMO.

241 647 435 691 Ultimae
467 651 569 691 sunt
599 662 768 703 preces,
801 636 849 690 ut
881 651 1080 690 exoretur
1111 647 1279 690 mulier.

572 765 1023 810 DECLAMATIO.

246 848 399 892 Serves
432 865 599 892 munus.
648 865 751 892 nam
782 863 1004 892 removeas
1037 849 1139 891 licet
1173 863 1358 892 secures:
1403 850 1440 891 si

155 909 373 963 irasceris,
405 910 615 951 morietur
647 909 820 964 alioqui.
881 911 1008 963 putas
1039 909 1165 951 illum
1196 909 1440 951 relicturum
1471 920 1514 951 10

157 968 335 1024 nuptias
367 968 496 1011 tuas?
560 968 783 1020 denuntio,
815 969 972 1010 iterum
1004 968 1157 1023 rapiet,

607 1108 987 1153 GOCLXXXIV.

405 1191 554 1245 Virgo
586 1191 840 1235 immolata
869 1191 1190 1246 pestilentiae.

159 1286 211 1329 In
247 1287 495 1342 pestilentia
533 1301 790 1342 responsum
829 1288 914 1340 est,
958 1286 1171 1342 virginem
1215 1286 1444 1329 immolan-

277 1345 413 1394 dam„
451 1348 567 1389 sorte
613 1346 787 1388 ductam
832 1348 958 1400 pater
1001 1345 1216 1401 virginem
1253 1346 1444 1402 negavit,
1473 1356 1515 1388 15

276 1405 564 1461 magistratus
602 1405 866 1447 immolavit:
921 1419 1010 1447 non
1046 1405 1279 1447 finiebatur
1315 1405 1445 1460 pesti-

276 1462 420 1507 lentia.
482 1465 641 1507 iterum
681 1464 829 1507 sortiti
867 1466 982 1513 sunt.
1045 1464 1183 1506 altera
1221 1464 1447 1507 immolata

280 1526 363 1566 est:
399 1524 548 1566 sedata
580 1526 646 1565 est
676 1523 939 1579 pestilentia.
980 1523 1138 1579 prioris
1170 1523 1287 1578 patri
1311 1523 1446 1579 magi—

284 1586 447 1626 stratus
479 1583 620 1626 eaedis
652 1597 751 1626 reus
785 1585 862 1625 est.

246 1700 587 1755 [Coloratae]
1475 1713 1519 1744 20

536 1803 1051 1874 ‘<DEOLAMATIO.>

245 1901 416 1946 Sortem
446 1903 560 1946 filiae
591 1906 691 1945 tuae
724 1903 828 1944 deus
860 1903 973 1944 inter
1005 1902 1194 1958 virgines
1234 1917 1328 1945 esse
1359 1918 1436 1945 no·

156 1962 257 2018 luit,
290 1962 365 2004 sed
396 1965 620 2017 tamquam
653 1962 819 2024 alienae
850 1962 1005 2004 turbae
1037 1961 1206 2003 exemit.

252 2094 274 2125 3
314 2088 498 2125 iudicium
523 2093 550 2124 Β
582 2090 593 2134 ΙΙ
623 2089 661 2124 in
688 2089 788 2124 bona
812 2089 898 2135 lege
923 2092 950 2123 B
987 2090 999 2135 ΙΙ
1039 2093 1082 2125 10
1121 2088 1334 2125 delaturum
1372 2093 1438 2124 ΔΒ

157 2137 364 2173 dilaturum
389 2138 489 2180 edd.,-
515 2148 606 2173 corr.
633 2137 691 2172 Ro
723 2138 734 2182 ΙΙ
769 2141 811 2172 19
838 2148 922 2173 reus
948 2136 1071 2173 caedis
1097 2139 1124 2171 Β
1143 2137 1156 2182 ΙΙ
1175 2140 1221 2172 20
1246 2137 1441 2173 enlm-atae

159 2187 302 2219 AB—l·
329 2185 385 2230 (in
409 2185 528 2221 codice
551 2187 578 2218 Β
604 2185 717 2220 rubro
742 2185 858 2221 colore
876 2185 1045 2230 pictum),
1071 2183 1306 2220 Declamatio
1327 2188 1354 2218 1²
1371 2186 1383 2230 ss
1403 2189 1448 2220 23

162 2230 287 2268 aliena
311 2243 356 2268 ex
380 2233 470 2268 urbe
497 2231 678 2268 exemitur
697 2234 724 2265 Β
