1578 2470
424 152 853 191 DECLAMATIONES.
880 152 1133 189 CCCXXXIX.
1339 152 1423 193 341

138 264 256 319 victi,
285 264 404 320 leges
436 266 585 306 tamen
610 263 773 305 similes
799 262 1078 318 linguamque
1105 263 1219 304 certe
1246 261 1427 303 eandem

138 325 402 380 pateremur:
442 322 516 365 sed
550 337 647 365 cum
678 322 854 364 homine
886 321 1091 376 barbaro,
1123 335 1219 363 cum
1251 320 1427 363 homine

141 382 318 437 crudeli,
356 397 453 424 cum
483 382 659 424 homine
691 381 865 424 infesto.
927 395 1189 436 quamquam
1224 380 1325 436 quid
1354 394 1427 422 ne-

142 455 261 485 cesse
293 444 360 484 est
391 441 478 484 ista
503 440 664 483 diutius
691 440 861 483 dicere?
894 454 1090 496 pugnare
1124 440 1239 482 enim
1264 438 1429 494 placuit

141 503 186 544 et
213 500 371 556 placet.
415 501 462 542 in
493 500 576 542 hoc
608 500 744 556 igitur
774 500 950 555 proelio,
983 499 1109 554 quod,
1141 502 1190 541 ut
1218 498 1318 553 dixi,
1348 513 1428 554 pro

140 560 343 603 universa
374 559 554 602 Graecia
588 573 911 615 susceperamus
943 558 1136 601 nondum
1168 558 1263 600 dico
1296 572 1429 613 quan-

139 622 233 662 tum
263 619 460 661 nocuerit
491 619 676 661 istorum
707 619 856 661 timor:
889 618 1076 671 interim,
1110 618 1230 660 cuius
1272 632 1430 684 propo-

141 678 216 721 siti
245 678 377 721 fuerit
410 679 592 732 animus,
624 677 847 720 attendite.
892 677 1023 733 longe
1054 677 1352 719 felicissimum
1384 677 1431 718 in

140 737 266 780 bellis
300 740 367 780 est
398 738 586 779 vincere:
620 737 927 791 fortissimum,
960 738 996 779 si
1027 736 1211 778 victoria
1241 750 1329 778 non
1361 735 1430 777 de-

140 799 230 852 tur,
261 811 340 852 pro
373 810 502 839 causa
533 796 655 839 mori.
701 799 767 838 est
798 799 945 838 tamen
971 795 1107 851 (nec)
1134 796 1317 837 tertium
1351 794 1428 837 ali-

142 855 258 911 quod
294 856 408 898 inter
439 854 666 906 dedecoras:
714 856 760 897 in
797 856 985 910 patriam
1022 857 1138 898 certe
1176 854 1334 909 redire,
1376 857 1430 909 et,

141 914 179 956 si
210 915 381 957 vincere
413 929 500 957 non
533 915 676 969 detur,
715 914 914 970 effugere.
976 916 1123 970 potest
1155 914 1268 956 enim
1303 913 1430 968 credi,

141 974 215 1030 qui
252 973 335 1016 hoc
371 973 494 1028 fecit,
538 973 590 1015 ad
629 973 862 1016 secundam
904 973 994 1027 [ad]
1034 988 1079 1015 se
1121 973 1257 1015 aciem
1295 987 1430 1015 reser-

141 1046 265 1075 vasse
297 1034 341 1075 et
371 1033 535 1075 victum
577 1032 769 1075 adversis
810 1033 999 1074 animum
1037 1032 1293 1087 reposuisse.
1354 1032 1429 1073 ille

140 1106 255 1147 vero,
287 1091 362 1148 qui
393 1106 438 1134 se
468 1091 516 1133 in
549 1091 802 1134 servitutem
834 1091 952 1134 hosti
983 1091 1118 1146 dedit,
1150 1092 1224 1146 qui
1256 1091 1428 1133 abiectis

141 1151 272 1193 armis
319 1154 474 1206 parata
522 1151 567 1193 in
618 1151 792 1194 vincula
835 1151 1037 1206 praebuit
1081 1166 1252 1205 manus,
1302 1165 1431 1206 quam

140 1209 317 1252 tandem
356 1211 482 1252 nobis
522 1225 642 1265 spem
671 1211 717 1252 in
749 1213 974 1266 posterum
1005 1210 1141 1252 facit?
1174 1213 1304 1264 atque
1337 1223 1431 1264 ego,

142 1268 445 1324 Athenienses,
472 1283 521 1311 eo
547 1273 761 1324 tempore,
795 1284 880 1325 quo
913 1269 1047 1324 recipi
1078 1269 1187 1310 istos
1220 1269 1431 1323 placebat,

141 1327 487 1370 contradicturus
518 1328 600 1383 fui,
641 1328 728 1370 nisi
768 1328 880 1383 quod
912 1330 1084 1383 poterat
1114 1327 1346 1370 honestum
1379 1342 1430 1369 ex

140 1386 210 1429 his
254 1387 441 1442 receptis
487 1387 730 1442 exemplum
779 1387 885 1428 fieri.
972 1389 1073 1429 sunt
1121 1387 1256 1442 igitur
1308 1386 1429 1442 digni

141 1460 282 1501 poena
323 1446 488 1501 aliqua,
530 1450 631 1488 sunt
669 1446 928 1502 ignominia,
974 1447 1010 1488 si
1046 1446 1129 1488 hoc
1171 1448 1344 1487 tantum
1377 1445 1430 1487 ad

143 1506 260 1559 ipsos
292 1505 516 1547 referatur.

235 1562 318 1606 Sed
354 1564 484 1607 redeo
525 1563 578 1605 ad
618 1564 838 1619 publicam
869 1564 1117 1606 utilitatem.
1184 1563 1295 1605 nihil
1329 1577 1432 1619 esse,

146 1637 232 1678 quo
279 1623 419 1679 magis
462 1623 691 1678 disciplina
736 1623 943 1666 militaris
988 1623 1235 1665 confirmari
1278 1623 1431 1678 possit,

144 1681 454 1737 Athenienses,
485 1697 614 1738 quam
647 1683 888 1738 exemplum
922 1682 1125 1725 adversus
1159 1681 1430 1738 <in>dignos,

141 1755 268 1784 nemo
301 1741 524 1784 dubitabit.
574 1756 683 1797 quae
716 1742 830 1784 enim
863 1756 961 1797 spes
994 1741 1039 1783 in
1065 1741 1193 1784 bellis
1219 1741 1266 1783 in
1291 1741 1430 1784 milite

142 1802 293 1842 nostro
336 1801 509 1843 residua
555 1804 639 1856 est,
684 1801 722 1843 si
763 1801 874 1843 nihil
918 1801 1063 1856 potius
1108 1800 1257 1856 fuerit,
1301 1815 1431 1856 quam

141 1859 269 1914 capi?
337 1862 500 1902 certum
538 1860 698 1915 habeo,
741 1875 854 1903 nunc
892 1860 1002 1902 istos
1040 1860 1154 1902 male
1187 1860 1347 1902 sentire
1378 1860 1430 1901 de

143 1917 231 1974 his,
263 1919 338 1974 qui
367 1920 413 1961 in
445 1919 535 1962 acie
568 1919 825 1962 ceciderunt.

238 2038 258 2069 3
286 2033 391 2080 quid]
419 2034 451 2069 si
474 2037 502 2068 B
520 2035 534 2080 11
560 2039 580 2070 ’7
606 2033 776 2070 timuerit
800 2038 826 2068 P
845 2034 856 2079 ΙΙ
876 2039 896 2070 8
923 2034 1011 2069 ferit
1035 2037 1065 2068 A
1084 2035 1095 2080 ΙΙ
1124 2037 1168 2070 10
1193 2032 1318 2081 (nec)
1341 2033 1400 2069 Ro
1420 2035 1430 2080 *l

146 2085 188 2116 11
219 2085 261 2116 Ν
291 2083 352 2127 Au
381 2085 423 2116 13
450 2081 498 2116 ad
524 2082 665 2127 (prius)
691 2092 758 2117 om.
785 2084 811 2115 B
831 2083 842 2127 ΙΙ
862 2093 885 2117 a
910 2092 949 2117 se
975 2084 1040 2126 Aa,
1067 2081 1116 2116 ad
1145 2092 1183 2117 se
1208 2083 1311 2126 AbB‚
1337 2092 1430 2118 corr.

144 2129 221 2164 Aer
251 2130 263 2175 ΙΙ
302 2133 394 2164 13-
399 2132 444 2163 14
470 2139 509 2164 se
535 2139 700 2164 servasse
725 2131 752 2162 Β
777 2130 790 2175 ΙΙ
818 2132 860 2164 15
888 2140 927 2164 se
953 2140 1019 2164 om.
1046 2132 1072 2162 P
1096 2130 1109 2174 ΙΙ
1127 2128 1226 2164 inter
1251 2128 1430 2164 virtutem

142 2178 169 2210 Β
187 2177 200 2221 11
221 2180 264 2211 15
291 2176 338 2212 ab
364 2175 447 2211 istis
474 2178 560 2219 ΔΒ,
585 2186 676 2212 corr.
706 2176 757 2210 Pi
774 2176 787 2221 ΙΙ
807 2180 850 2212 17
878 2176 984 2212 vobis
1008 2179 1035 2210 Β
1055 2176 1067 2221 ΙΙ
1087 2180 1131 2211 18
1156 2178 1283 2221 recepi
1308 2179 1400 2210 AaB
1419 2176 1430 2222 11

141 2226 187 2258 20
215 2223 331 2269 digna
355 2226 382 2258 Β
402 2226 414 2268 ΙΙ
434 2227 479 2258 24
503 2225 630 2268 posset
654 2226 685 2257 Δ
703 2224 715 2268 ΙΙ
734 2227 778 2258 25
798 2222 1030 2271 <in>dignos
1050 2225 1125 2259 Aer
1144 2225 1156 2269 ΙΙ
1175 2227 1220 2258 26
1241 2223 1430 2259 dubitavit

141 2273 223 2314 ΑΒ,
249 2281 340 2306 corr.
369 2270 422 2306 Gr
443 2271 613 2316 {126—27
641 2271 679 2305 in
704 2270 868 2306 militum
893 2281 1048 2307 numero
1074 2282 1142 2307 res.
1170 2274 1197 2305 B

1457 805 1500 837 10

1458 1102 1501 1133 15

1456 1397 1502 1428 20

1458 1692 1502 1724 25
