<?xml version="1.0" encoding="UTF-8"?>
<!DOCTYPE html PUBLIC "-//W3C//DTD XHTML 1.0 Transitional//EN"
    "http://www.w3.org/TR/xhtml1/DTD/xhtml1-transitional.dtd">
<html xmlns="http://www.w3.org/1999/xhtml" xml:lang="en" lang="en">
 <head>
  <title>
</title>
<meta http-equiv="Content-Type" content="text/html;charset=utf-8" />
  <meta name='ocr-system' content='tesseract 3.04.00' />
  <meta name='ocr-capabilities' content='ocr_page ocr_carea ocr_par ocr_line ocrx_word'/>
</head>
<body>
  <div class='ocr_page' id='page_1' title='image "./declamationesqua00quinuoft_0343.png"; bbox 0 0 1604 2488; ppageno 0'>
   <div class='ocr_carea' id='block_1_1' title="bbox 385 82 1378 126">
    <p class='ocr_par' dir='ltr' id='par_1_1' title="bbox 385 82 1378 126">
     <span class='ocr_line' id='line_1_1' title="bbox 385 82 1378 126; baseline 0.005 -7"><span class='ocrx_word' id='word_1_1' title='bbox 385 83 813 121; x_wconf 86' lang='lat' dir='ltr'>DECLAMATIONES.</span> <span class='ocrx_word' id='word_1_2' title='bbox 834 83 1073 120; x_wconf 88' lang='lat' dir='ltr'>CCCXXXII.</span> <span class='ocrx_word' id='word_1_3' title='bbox 1292 82 1378 126; x_wconf 81' lang='grc'><strong>307</strong></span> 
     </span>
    </p>
   </div>
   <div class='ocr_carea' id='block_1_2' title="bbox 519 215 966 260">
    <p class='ocr_par' dir='ltr' id='par_1_2' title="bbox 519 215 966 260">
     <span class='ocr_line' id='line_1_2' title="bbox 519 215 966 260; baseline -0.002 0"><span class='ocrx_word' id='word_1_4' title='bbox 519 215 966 260; x_wconf 80' lang='lat' dir='ltr'><strong>DEGLAMATIO.</strong></span> 
     </span>
    </p>
   </div>
   <div class='ocr_carea' id='block_1_3' title="bbox 82 298 1452 2040">
    <p class='ocr_par' dir='ltr' id='par_1_3' title="bbox 86 298 1452 1052">
     <span class='ocr_line' id='line_1_3' title="bbox 181 298 1381 356; baseline 0 -14"><span class='ocrx_word' id='word_1_5' title='bbox 181 298 227 342; x_wconf 83' lang='lat' dir='ltr'><strong>Si</strong></span> <span class='ocrx_word' id='word_1_6' title='bbox 271 299 326 342; x_wconf 91' lang='lat' dir='ltr'><strong>ad</strong></span> <span class='ocrx_word' id='word_1_7' title='bbox 369 302 519 342; x_wconf 86' lang='lat' dir='ltr'><strong>votum</strong></span> <span class='ocrx_word' id='word_1_8' title='bbox 564 315 725 356; x_wconf 90' lang='lat' dir='ltr'><strong>meum,</strong></span> <span class='ocrx_word' id='word_1_9' title='bbox 770 299 952 354; x_wconf 87' lang='lat' dir='ltr'><strong>iudices,</strong></span> <span class='ocrx_word' id='word_1_10' title='bbox 999 299 1092 341; x_wconf 87' lang='lat' dir='ltr'><strong>fata</strong></span> <span class='ocrx_word' id='word_1_11' title='bbox 1136 299 1381 356; x_wconf 72' lang='lat' dir='ltr'><strong>cessissent,</strong></span> 
     </span>
     <span class='ocr_line' id='line_1_4' title="bbox 90 358 1381 415; baseline 0 -13"><span class='ocrx_word' id='word_1_12' title='bbox 90 358 324 415; x_wconf 81' lang='lat' dir='ltr'><strong>optabilius</strong></span> <span class='ocrx_word' id='word_1_13' title='bbox 356 358 499 401; x_wconf 87' lang='lat' dir='ltr'><strong>fuerat</strong></span> <span class='ocrx_word' id='word_1_14' title='bbox 530 359 656 415; x_wconf 91' lang='lat' dir='ltr'><strong>mihi,</strong></span> <span class='ocrx_word' id='word_1_15' title='bbox 700 361 749 402; x_wconf 89' lang='lat' dir='ltr'><strong>ut</strong></span> <span class='ocrx_word' id='word_1_16' title='bbox 785 359 842 415; x_wconf 85' lang='lat' dir='ltr'><strong>is,</strong></span> <span class='ocrx_word' id='word_1_17' title='bbox 887 359 938 402; x_wconf 93' lang='lat' dir='ltr'><strong>de</strong></span> <span class='ocrx_word' id='word_1_18' title='bbox 971 359 1091 401; x_wconf 89' lang='lat' dir='ltr'><strong>cuius</strong></span> <span class='ocrx_word' id='word_1_19' title='bbox 1125 359 1250 401; x_wconf 87' lang='lat' dir='ltr'><strong>bonis</strong></span> <span class='ocrx_word' id='word_1_20' title='bbox 1283 373 1381 402; x_wconf 80' lang='lat' dir='ltr'><strong>con-</strong></span> 
     </span>
     <span class='ocr_line' id='line_1_5' title="bbox 88 418 1380 475; baseline -0.001 -14"><span class='ocrx_word' id='word_1_21' title='bbox 88 418 327 473; x_wconf 77' lang='lat' dir='ltr'><strong>tendimus,</strong></span> <span class='ocrx_word' id='word_1_22' title='bbox 365 421 480 461; x_wconf 90' lang='lat' dir='ltr'><strong>esset</strong></span> <span class='ocrx_word' id='word_1_23' title='bbox 516 418 644 461; x_wconf 86' lang='lat' dir='ltr'><strong>heres</strong></span> <span class='ocrx_word' id='word_1_24' title='bbox 682 433 815 462; x_wconf 79' lang='lat' dir='ltr'><strong>meuS.</strong></span> <span class='ocrx_word' id='word_1_25' title='bbox 866 419 921 461; x_wconf 89' lang='lat' dir='ltr'><strong>ad</strong></span> <span class='ocrx_word' id='word_1_26' title='bbox 958 418 1071 460; x_wconf 88' lang='lat' dir='ltr'><strong>hanc</strong></span> <span class='ocrx_word' id='word_1_27' title='bbox 1102 418 1239 475; x_wconf 83' lang='lat' dir='ltr'><strong>igitur</strong></span> <span class='ocrx_word' id='word_1_28' title='bbox 1268 418 1380 473; x_wconf 88' lang='lat' dir='ltr'><strong>peti-</strong></span> 
     </span>
     <span class='ocr_line' id='line_1_6' title="bbox 86 477 1427 521; baseline 0 -1"><span class='ocrx_word' id='word_1_29' title='bbox 86 478 253 521; x_wconf 77' lang='lat' dir='ltr'><strong>tionem</strong></span> <span class='ocrx_word' id='word_1_30' title='bbox 290 477 452 520; x_wconf 86' lang='lat' dir='ltr'><strong>invitus</strong></span> <span class='ocrx_word' id='word_1_31' title='bbox 491 480 535 520; x_wconf 90' lang='lat' dir='ltr'><strong>et</strong></span> <span class='ocrx_word' id='word_1_32' title='bbox 565 478 706 520; x_wconf 88' lang='lat' dir='ltr'><strong>tristis</strong></span> <span class='ocrx_word' id='word_1_33' title='bbox 739 480 783 520; x_wconf 89' lang='lat' dir='ltr'><strong>et</strong></span> <span class='ocrx_word' id='word_1_34' title='bbox 813 478 921 520; x_wconf 87' lang='lat' dir='ltr'><strong>fiens</strong></span> <span class='ocrx_word' id='word_1_35' title='bbox 954 478 1093 520; x_wconf 86' lang='lat' dir='ltr'><strong>venio.</strong></span> <span class='ocrx_word' id='word_1_36' title='bbox 1143 477 1379 520; x_wconf 88' lang='lat' dir='ltr'><strong>viderimus</strong></span> <span class='ocrx_word' id='word_1_37' title='bbox 1406 486 1427 519; x_wconf 84' lang='lat'>5</span> 
     </span>
     <span class='ocr_line' id='line_1_7' title="bbox 89 536 1380 593; baseline 0 -13"><span class='ocrx_word' id='word_1_38' title='bbox 89 537 204 580; x_wconf 88' lang='lat' dir='ltr'><strong>enim</strong></span> <span class='ocrx_word' id='word_1_39' title='bbox 239 539 394 592; x_wconf 88' lang='lat' dir='ltr'><strong>postea</strong></span> <span class='ocrx_word' id='word_1_40' title='bbox 431 537 483 579; x_wconf 91' lang='lat' dir='ltr'><strong>de</strong></span> <span class='ocrx_word' id='word_1_41' title='bbox 522 536 708 579; x_wconf 88' lang='lat' dir='ltr'><strong>iudiciis:</strong></span> <span class='ocrx_word' id='word_1_42' title='bbox 754 537 930 580; x_wconf 88' lang='lat' dir='ltr'><strong>interim</strong></span> <span class='ocrx_word' id='word_1_43' title='bbox 968 552 1057 580; x_wconf 90' lang='lat' dir='ltr'><strong>non</strong></span> <span class='ocrx_word' id='word_1_44' title='bbox 1096 537 1380 593; x_wconf 73' lang='lat' dir='ltr'><strong>dubitabitur,</strong></span> 
     </span>
     <span class='ocr_line' id='line_1_8' title="bbox 88 596 1381 652; baseline -0.001 -13"><span class='ocrx_word' id='word_1_45' title='bbox 88 598 185 639; x_wconf 85' lang='lat' dir='ltr'><strong>uter</strong></span> <span class='ocrx_word' id='word_1_46' title='bbox 217 611 268 638; x_wconf 87' lang='lat' dir='ltr'><strong>ex</strong></span> <span class='ocrx_word' id='word_1_47' title='bbox 298 596 424 638; x_wconf 87' lang='lat' dir='ltr'><strong>nobis</strong></span> <span class='ocrx_word' id='word_1_48' title='bbox 457 596 583 638; x_wconf 91' lang='lat' dir='ltr'><strong>illum</strong></span> <span class='ocrx_word' id='word_1_49' title='bbox 616 597 755 652; x_wconf 85' lang='lat' dir='ltr'><strong>magis</strong></span> <span class='ocrx_word' id='word_1_50' title='bbox 790 597 960 641; x_wconf 86' lang='lat' dir='ltr'><strong>amarit.</strong></span> <span class='ocrx_word' id='word_1_51' title='bbox 1008 599 1165 652; x_wconf 89' lang='lat' dir='ltr'><strong>postea</strong></span> <span class='ocrx_word' id='word_1_52' title='bbox 1190 596 1285 639; x_wconf 90' lang='lat' dir='ltr'><strong>iura</strong></span> <span class='ocrx_word' id='word_1_53' title='bbox 1312 611 1381 639; x_wconf 87' lang='lat' dir='ltr'><strong>ex-</strong></span> 
     </span>
     <span class='ocr_line' id='line_1_9' title="bbox 88 655 1382 711; baseline -0.002 -12"><span class='ocrx_word' id='word_1_54' title='bbox 88 655 262 711; x_wconf 82' lang='lat' dir='ltr'><strong>cutiam,</strong></span> <span class='ocrx_word' id='word_1_55' title='bbox 282 657 437 710; x_wconf 85' lang='lat' dir='ltr'><strong>postea</strong></span> <span class='ocrx_word' id='word_1_56' title='bbox 457 656 665 711; x_wconf 85' lang='lat' dir='ltr'><strong>scriptum</strong></span> <span class='ocrx_word' id='word_1_57' title='bbox 685 656 1025 711; x_wconf 85' lang='lat' dir='ltr'><strong>interpretabor:</strong></span> <span class='ocrx_word' id='word_1_58' title='bbox 1057 656 1243 711; x_wconf 87' lang='lat' dir='ltr'><strong>interim,</strong></span> <span class='ocrx_word' id='word_1_59' title='bbox 1265 655 1382 711; x_wconf 89' lang='lat' dir='ltr'><strong>quod</strong></span> 
     </span>
     <span class='ocr_line' id='line_1_10' title="bbox 89 714 1382 771; baseline 0 -14"><span class='ocrx_word' id='word_1_60' title='bbox 89 714 143 757; x_wconf 90' lang='lat' dir='ltr'><strong>ad</strong></span> <span class='ocrx_word' id='word_1_61' title='bbox 174 715 403 771; x_wconf 83' lang='lat' dir='ltr'><strong>utriusque</strong></span> <span class='ocrx_word' id='word_1_62' title='bbox 440 717 641 757; x_wconf 85' lang='lat' dir='ltr'><strong>nostrum</strong></span> <span class='ocrx_word' id='word_1_63' title='bbox 675 715 867 757; x_wconf 76' lang='lat' dir='ltr'><strong>animum</strong></span> <span class='ocrx_word' id='word_1_64' title='bbox 899 716 1109 771; x_wconf 85' lang='lat' dir='ltr'><strong>pertinet,</strong></span> <span class='ocrx_word' id='word_1_65' title='bbox 1147 730 1235 757; x_wconf 88' lang='lat' dir='ltr'><strong>non</strong></span> <span class='ocrx_word' id='word_1_66' title='bbox 1267 717 1382 758; x_wconf 88' lang='lat' dir='ltr'><strong>esset</strong></span> 
     </span>
     <span class='ocr_line' id='line_1_11' title="bbox 86 774 1452 830; baseline 0 -14"><span class='ocrx_word' id='word_1_67' title='bbox 86 775 202 816; x_wconf 88' lang='lat' dir='ltr'><strong>inter</strong></span> <span class='ocrx_word' id='word_1_68' title='bbox 233 788 313 817; x_wconf 87' lang='lat' dir='ltr'><strong>nos</strong></span> <span class='ocrx_word' id='word_1_69' title='bbox 346 775 561 830; x_wconf 85' lang='lat' dir='ltr'><strong>quaestio,</strong></span> <span class='ocrx_word' id='word_1_70' title='bbox 604 775 640 816; x_wconf 89' lang='lat' dir='ltr'><strong>si</strong></span> <span class='ocrx_word' id='word_1_71' title='bbox 671 777 902 830; x_wconf 90' lang='lat' dir='ltr'><strong>utrumque</strong></span> <span class='ocrx_word' id='word_1_72' title='bbox 935 774 1083 817; x_wconf 87' lang='lat' dir='ltr'><strong>eodem</strong></span> <span class='ocrx_word' id='word_1_73' title='bbox 1115 775 1245 817; x_wconf 89' lang='lat' dir='ltr'><strong>titulo</strong></span> <span class='ocrx_word' id='word_1_74' title='bbox 1278 774 1378 817; x_wconf 83' lang='lat' dir='ltr'><strong>reli·</strong></span> <span class='ocrx_word' id='word_1_75' title='bbox 1408 784 1452 816; x_wconf 89' lang='lat'><strong>10</strong></span> 
     </span>
     <span class='ocr_line' id='line_1_12' title="bbox 92 831 1380 889; baseline 0.001 -14"><span class='ocrx_word' id='word_1_76' title='bbox 92 834 257 889; x_wconf 87' lang='lat' dir='ltr'><strong>quisset</strong></span> <span class='ocrx_word' id='word_1_77' title='bbox 287 832 500 876; x_wconf 85' lang='lat' dir='ltr'><strong>heredem.</strong></span> <span class='ocrx_word' id='word_1_78' title='bbox 553 831 810 887; x_wconf 67' lang='lat' dir='ltr'><strong>[Narratio]</strong></span> <span class='ocrx_word' id='word_1_79' title='bbox 862 834 996 876; x_wconf 86' lang='lat' dir='ltr'><strong>habet</strong></span> <span class='ocrx_word' id='word_1_80' title='bbox 1027 836 1172 876; x_wconf 86' lang='lat' dir='ltr'><strong>autem</strong></span> <span class='ocrx_word' id='word_1_81' title='bbox 1204 833 1286 876; x_wconf 93' lang='lat' dir='ltr'><strong>hoc</strong></span> <span class='ocrx_word' id='word_1_82' title='bbox 1318 834 1380 876; x_wconf 91' lang='lat' dir='ltr'><strong>in-</strong></span> 
     </span>
     <span class='ocr_line' id='line_1_13' title="bbox 87 892 1381 948; baseline 0 -13"><span class='ocrx_word' id='word_1_83' title='bbox 87 892 302 935; x_wconf 84' lang='lat' dir='ltr'><strong>commodi</strong></span> <span class='ocrx_word' id='word_1_84' title='bbox 319 895 567 948; x_wconf 75' lang='lat' dir='ltr'><strong>paupertas,</strong></span> <span class='ocrx_word' id='word_1_85' title='bbox 595 893 710 947; x_wconf 90' lang='lat' dir='ltr'><strong>quod</strong></span> <span class='ocrx_word' id='word_1_86' title='bbox 731 894 934 948; x_wconf 86' lang='lat' dir='ltr'><strong>quotiens</strong></span> <span class='ocrx_word' id='word_1_87' title='bbox 967 893 1020 935; x_wconf 92' lang='lat' dir='ltr'><strong>ad</strong></span> <span class='ocrx_word' id='word_1_88' title='bbox 1048 893 1288 936; x_wconf 86' lang='lat' dir='ltr'><strong>amicitiam</strong></span> <span class='ocrx_word' id='word_1_89' title='bbox 1312 907 1381 935; x_wconf 84' lang='lat' dir='ltr'><strong>su-</strong></span> 
     </span>
     <span class='ocr_line' id='line_1_14' title="bbox 87 951 1382 1008; baseline 0 -14"><span class='ocrx_word' id='word_1_90' title='bbox 87 951 272 1007; x_wconf 85' lang='lat' dir='ltr'><strong>perioris</strong></span> <span class='ocrx_word' id='word_1_91' title='bbox 315 951 513 1006; x_wconf 88' lang='lat' dir='ltr'><strong>accessit,</strong></span> <span class='ocrx_word' id='word_1_92' title='bbox 560 951 702 994; x_wconf 85' lang='lat' dir='ltr'><strong>adfert</strong></span> <span class='ocrx_word' id='word_1_93' title='bbox 743 952 907 1008; x_wconf 90' lang='lat' dir='ltr'><strong>aliquid</strong></span> <span class='ocrx_word' id='word_1_94' title='bbox 945 952 1255 1008; x_wconf 87' lang='lat' dir='ltr'><strong>dubitationis,</strong></span> <span class='ocrx_word' id='word_1_95' title='bbox 1298 951 1382 995; x_wconf 88' lang='lat' dir='ltr'><strong>fide</strong></span> 
     </span>
     <span class='ocr_line' id='line_1_15' title="bbox 87 1009 600 1052; baseline 0 0"><span class='ocrx_word' id='word_1_96' title='bbox 87 1025 143 1052; x_wconf 86' lang='lat' dir='ltr'><strong>an</strong></span> <span class='ocrx_word' id='word_1_97' title='bbox 173 1009 439 1052; x_wconf 84' lang='lat' dir='ltr'><strong>utilitatibus</strong></span> <span class='ocrx_word' id='word_1_98' title='bbox 471 1013 600 1052; x_wconf 91' lang='lat' dir='ltr'><strong>amet.</strong></span> 
     </span>
    </p>

    <p class='ocr_par' dir='ltr' id='par_1_4' title="bbox 82 1068 1452 2013">
     <span class='ocr_line' id='line_1_16' title="bbox 178 1068 1452 1126; baseline 0 -15"><span class='ocrx_word' id='word_1_99' title='bbox 178 1068 334 1112; x_wconf 81' lang='lat' dir='ltr'><strong>Officia</strong></span> <span class='ocrx_word' id='word_1_100' title='bbox 360 1069 564 1111; x_wconf 86' lang='lat' dir='ltr'><strong>adversus</strong></span> <span class='ocrx_word' id='word_1_101' title='bbox 593 1084 638 1111; x_wconf 89' lang='lat' dir='ltr'><strong>se</strong></span> <span class='ocrx_word' id='word_1_102' title='bbox 664 1084 760 1112; x_wconf 91' lang='lat' dir='ltr'><strong>mea</strong></span> <span class='ocrx_word' id='word_1_103' title='bbox 786 1073 970 1113; x_wconf 85' lang='lat' dir='ltr'><strong>noverat</strong></span> <span class='ocrx_word' id='word_1_104' title='bbox 997 1070 1129 1126; x_wconf 87' lang='lat' dir='ltr'><strong>dives,</strong></span> <span class='ocrx_word' id='word_1_105' title='bbox 1156 1070 1378 1113; x_wconf 89' lang='lat' dir='ltr'><strong>assiduum</strong></span> <span class='ocrx_word' id='word_1_106' title='bbox 1408 1080 1452 1111; x_wconf 83' lang='lat'><strong>15</strong></span> 
     </span>
     <span class='ocr_line' id='line_1_17' title="bbox 84 1128 1379 1172; baseline 0.002 -2"><span class='ocrx_word' id='word_1_107' title='bbox 84 1143 154 1170; x_wconf 91' lang='lat' dir='ltr'><strong>me</strong></span> <span class='ocrx_word' id='word_1_108' title='bbox 185 1128 378 1171; x_wconf 82' lang='lat' dir='ltr'><strong>haesisse</strong></span> <span class='ocrx_word' id='word_1_109' title='bbox 409 1129 539 1170; x_wconf 84' lang='lat' dir='ltr'><strong>lateri</strong></span> <span class='ocrx_word' id='word_1_110' title='bbox 571 1143 647 1171; x_wconf 88' lang='lat' dir='ltr'><strong>suo</strong></span> <span class='ocrx_word' id='word_1_111' title='bbox 682 1129 867 1171; x_wconf 89' lang='lat' dir='ltr'><strong>sciebat:</strong></span> <span class='ocrx_word' id='word_1_112' title='bbox 905 1130 1095 1172; x_wconf 87' lang='lat' dir='ltr'><strong>tenuitas</strong></span> <span class='ocrx_word' id='word_1_113' title='bbox 1134 1145 1232 1172; x_wconf 90' lang='lat' dir='ltr'><strong>mea</strong></span> <span class='ocrx_word' id='word_1_114' title='bbox 1265 1129 1379 1172; x_wconf 88' lang='lat' dir='ltr'><strong>adfe-</strong></span> 
     </span>
     <span class='ocr_line' id='line_1_18' title="bbox 85 1186 1382 1244; baseline 0.001 -15"><span class='ocrx_word' id='word_1_115' title='bbox 85 1187 212 1229; x_wconf 84' lang='lat' dir='ltr'><strong>rebat</strong></span> <span class='ocrx_word' id='word_1_116' title='bbox 243 1186 356 1230; x_wconf 89' lang='lat' dir='ltr'><strong>hanc</strong></span> <span class='ocrx_word' id='word_1_117' title='bbox 389 1188 428 1229; x_wconf 92' lang='lat' dir='ltr'><strong>ei</strong></span> <span class='ocrx_word' id='word_1_118' title='bbox 461 1187 790 1244; x_wconf 70' lang='lat' dir='ltr'><strong>dubitationem,</strong></span> <span class='ocrx_word' id='word_1_119' title='bbox 823 1191 873 1230; x_wconf 91' lang='lat' dir='ltr'><strong>ut</strong></span> <span class='ocrx_word' id='word_1_120' title='bbox 898 1191 1048 1244; x_wconf 86' lang='lat' dir='ltr'><strong>posset</strong></span> <span class='ocrx_word' id='word_1_121' title='bbox 1073 1203 1290 1244; x_wconf 84' lang='lat' dir='ltr'><strong>quaerere,</strong></span> <span class='ocrx_word' id='word_1_122' title='bbox 1324 1203 1382 1230; x_wconf 91' lang='lat' dir='ltr'><strong>an</strong></span> 
     </span>
     <span class='ocr_line' id='line_1_19' title="bbox 84 1245 1381 1302; baseline 0.002 -15"><span class='ocrx_word' id='word_1_123' title='bbox 84 1245 202 1288; x_wconf 90' lang='lat' dir='ltr'><strong>istud</strong></span> <span class='ocrx_word' id='word_1_124' title='bbox 234 1246 427 1289; x_wconf 85' lang='lat' dir='ltr'><strong>amicitia</strong></span> <span class='ocrx_word' id='word_1_125' title='bbox 459 1245 670 1289; x_wconf 87' lang='lat' dir='ltr'><strong>fecissem.</strong></span> <span class='ocrx_word' id='word_1_126' title='bbox 722 1247 870 1302; x_wconf 87' lang='lat' dir='ltr'><strong>itaque</strong></span> <span class='ocrx_word' id='word_1_127' title='bbox 903 1262 1001 1290; x_wconf 92' lang='lat' dir='ltr'><strong>cum</strong></span> <span class='ocrx_word' id='word_1_128' title='bbox 1033 1248 1162 1290; x_wconf 88' lang='lat' dir='ltr'><strong>sciret</strong></span> <span class='ocrx_word' id='word_1_129' title='bbox 1192 1250 1381 1291; x_wconf 89' lang='lat' dir='ltr'><strong>mortem</strong></span> 
     </span>
     <span class='ocr_line' id='line_1_20' title="bbox 87 1305 1380 1363; baseline 0.001 -15"><span class='ocrx_word' id='word_1_130' title='bbox 87 1319 200 1361; x_wconf 88' lang='lat' dir='ltr'><strong>esse,</strong></span> <span class='ocrx_word' id='word_1_131' title='bbox 240 1319 350 1361; x_wconf 88' lang='lat' dir='ltr'><strong>quae</strong></span> <span class='ocrx_word' id='word_1_132' title='bbox 391 1305 443 1346; x_wconf 90' lang='lat' dir='ltr'><strong>de</strong></span> <span class='ocrx_word' id='word_1_133' title='bbox 487 1306 643 1347; x_wconf 89' lang='lat' dir='ltr'><strong>animis</strong></span> <span class='ocrx_word' id='word_1_134' title='bbox 686 1306 848 1348; x_wconf 87' lang='lat' dir='ltr'><strong>diceret</strong></span> <span class='ocrx_word' id='word_1_135' title='bbox 890 1321 1058 1358; x_wconf 87' lang='lat' dir='ltr'><strong>verum,</strong></span> <span class='ocrx_word' id='word_1_136' title='bbox 1102 1309 1380 1363; x_wconf 87' lang='lat' dir='ltr'><strong>testamenta,</strong></span> 
     </span>
     <span class='ocr_line' id='line_1_21' title="bbox 87 1363 1452 1422; baseline 0.001 -16"><span class='ocrx_word' id='word_1_137' title='bbox 87 1364 244 1420; x_wconf 89' lang='lat' dir='ltr'><strong>quibus</strong></span> <span class='ocrx_word' id='word_1_138' title='bbox 283 1379 455 1407; x_wconf 89' lang='lat' dir='ltr'><strong>omnem</strong></span> <span class='ocrx_word' id='word_1_139' title='bbox 495 1363 713 1407; x_wconf 89' lang='lat' dir='ltr'><strong>adfectum</strong></span> <span class='ocrx_word' id='word_1_140' title='bbox 751 1364 1008 1420; x_wconf 87' lang='lat' dir='ltr'><strong>fateremur,</strong></span> <span class='ocrx_word' id='word_1_141' title='bbox 1051 1366 1115 1408; x_wconf 89' lang='lat' dir='ltr'><strong>ita</strong></span> <span class='ocrx_word' id='word_1_142' title='bbox 1156 1381 1379 1422; x_wconf 84' lang='lat' dir='ltr'><strong>supremas</strong></span> <span class='ocrx_word' id='word_1_143' title='bbox 1407 1376 1452 1408; x_wconf 85' lang='grc'><strong>20</strong></span> 
     </span>
     <span class='ocr_line' id='line_1_22' title="bbox 85 1423 1381 1482; baseline 0.002 -17"><span class='ocrx_word' id='word_1_144' title='bbox 85 1423 259 1466; x_wconf 87' lang='lat' dir='ltr'><strong>tabulas</strong></span> <span class='ocrx_word' id='word_1_145' title='bbox 292 1423 529 1478; x_wconf 85' lang='lat' dir='ltr'><strong>ordinavit,</strong></span> <span class='ocrx_word' id='word_1_146' title='bbox 567 1426 616 1466; x_wconf 89' lang='lat' dir='ltr'><strong>ut</strong></span> <span class='ocrx_word' id='word_1_147' title='bbox 649 1423 854 1466; x_wconf 87' lang='lat' dir='ltr'><strong>adversus</strong></span> <span class='ocrx_word' id='word_1_148' title='bbox 887 1439 956 1466; x_wconf 89' lang='lat' dir='ltr'><strong>me</strong></span> <span class='ocrx_word' id='word_1_149' title='bbox 988 1424 1218 1482; x_wconf 85' lang='lat' dir='ltr'><strong>†dicere†</strong></span> <span class='ocrx_word' id='word_1_150' title='bbox 1249 1426 1381 1469; x_wconf 85' lang='lat' dir='ltr'><strong>vellet</strong></span> 
     </span>
     <span class='ocr_line' id='line_1_23' title="bbox 87 1483 1381 1540; baseline 0.002 -15"><span class='ocrx_word' id='word_1_151' title='bbox 87 1483 234 1526; x_wconf 89' lang='lat' dir='ltr'><strong>animo</strong></span> <span class='ocrx_word' id='word_1_152' title='bbox 261 1497 370 1526; x_wconf 91' lang='lat' dir='ltr'><strong>me0.</strong></span> <span class='ocrx_word' id='word_1_153' title='bbox 420 1483 536 1525; x_wconf 90' lang='lat' dir='ltr'><strong>bona</strong></span> <span class='ocrx_word' id='word_1_154' title='bbox 562 1483 737 1524; x_wconf 86' lang='lat' dir='ltr'><strong>interim</strong></span> <span class='ocrx_word' id='word_1_155' title='bbox 763 1498 841 1526; x_wconf 89' lang='lat' dir='ltr'><strong>sua</strong></span> <span class='ocrx_word' id='word_1_156' title='bbox 866 1483 981 1539; x_wconf 88' lang='lat' dir='ltr'><strong>apud</strong></span> <span class='ocrx_word' id='word_1_157' title='bbox 1006 1484 1140 1526; x_wconf 86' lang='lat' dir='ltr'><strong>istum</strong></span> <span class='ocrx_word' id='word_1_158' title='bbox 1167 1484 1381 1540; x_wconf 87' lang='lat' dir='ltr'><strong>deposuit,</strong></span> 
     </span>
     <span class='ocr_line' id='line_1_24' title="bbox 85 1541 1380 1598; baseline 0.002 -14"><span class='ocrx_word' id='word_1_159' title='bbox 85 1541 188 1584; x_wconf 91' lang='lat' dir='ltr'><strong>dum</strong></span> <span class='ocrx_word' id='word_1_160' title='bbox 220 1542 321 1584; x_wconf 86' lang='lat' dir='ltr'><strong>sciri</strong></span> <span class='ocrx_word' id='word_1_161' title='bbox 350 1542 505 1598; x_wconf 89' lang='lat' dir='ltr'><strong>possit,</strong></span> <span class='ocrx_word' id='word_1_162' title='bbox 539 1542 642 1597; x_wconf 85' lang='lat' dir='ltr'><strong>quid</strong></span> <span class='ocrx_word' id='word_1_163' title='bbox 673 1542 725 1585; x_wconf 90' lang='lat' dir='ltr'><strong>de</strong></span> <span class='ocrx_word' id='word_1_164' title='bbox 757 1542 832 1585; x_wconf 90' lang='lat' dir='ltr'><strong>illo</strong></span> <span class='ocrx_word' id='word_1_165' title='bbox 864 1543 958 1598; x_wconf 84' lang='lat' dir='ltr'><strong>ipse</strong></span> <span class='ocrx_word' id='word_1_166' title='bbox 991 1544 1236 1587; x_wconf 83' lang='lat' dir='ltr'><strong>sensissem.</strong></span> <span class='ocrx_word' id='word_1_167' title='bbox 1286 1544 1380 1586; x_wconf 88' lang='lat' dir='ltr'><strong>dari</strong></span> 
     </span>
     <span class='ocr_line' id='line_1_25' title="bbox 83 1601 1379 1657; baseline -0.001 -13"><span class='ocrx_word' id='word_1_168' title='bbox 83 1601 195 1644; x_wconf 87' lang='lat' dir='ltr'><strong>mihi</strong></span> <span class='ocrx_word' id='word_1_169' title='bbox 224 1601 353 1644; x_wconf 89' lang='lat' dir='ltr'><strong>iussit</strong></span> <span class='ocrx_word' id='word_1_170' title='bbox 383 1601 476 1656; x_wconf 90' lang='lat' dir='ltr'><strong>»id,</strong></span> <span class='ocrx_word' id='word_1_171' title='bbox 508 1601 622 1655; x_wconf 92' lang='lat' dir='ltr'><strong>quod</strong></span> <span class='ocrx_word' id='word_1_172' title='bbox 655 1615 735 1657; x_wconf 86' lang='lat' dir='ltr'><strong>ego</strong></span> <span class='ocrx_word' id='word_1_173' title='bbox 767 1603 1031 1645; x_wconf 87' lang='lat' dir='ltr'><strong>testamento</strong></span> <span class='ocrx_word' id='word_1_174' title='bbox 1065 1618 1162 1646; x_wconf 90' lang='lat' dir='ltr'><strong>meo</strong></span> <span class='ocrx_word' id='word_1_175' title='bbox 1195 1603 1379 1646; x_wconf 74' lang='lat' dir='ltr'><strong>darem«</strong></span> 
     </span>
     <span class='ocr_line' id='line_1_26' title="bbox 85 1660 1451 1717; baseline 0.001 -15"><span class='ocrx_word' id='word_1_176' title='bbox 85 1661 123 1703; x_wconf 86' lang='lat' dir='ltr'><strong>si</strong></span> <span class='ocrx_word' id='word_1_177' title='bbox 148 1660 459 1717; x_wconf 80' lang='lat' dir='ltr'><strong>cogitationem</strong></span> <span class='ocrx_word' id='word_1_178' title='bbox 484 1660 603 1702; x_wconf 87' lang='lat' dir='ltr'><strong>intra</strong></span> <span class='ocrx_word' id='word_1_179' title='bbox 628 1661 855 1716; x_wconf 85' lang='lat' dir='ltr'><strong>angustias</strong></span> <span class='ocrx_word' id='word_1_180' title='bbox 880 1661 1156 1704; x_wconf 81' lang='lat' dir='ltr'><strong>facultatium</strong></span> <span class='ocrx_word' id='word_1_181' title='bbox 1182 1677 1376 1706; x_wconf 89' lang='lat' dir='ltr'><strong>mearum</strong></span> <span class='ocrx_word' id='word_1_182' title='bbox 1405 1673 1451 1704; x_wconf 78' lang='lat'><strong>25</strong></span> 
     </span>
     <span class='ocr_line' id='line_1_27' title="bbox 82 1719 1379 1779; baseline 0.002 -17"><span class='ocrx_word' id='word_1_183' title='bbox 82 1719 237 1775; x_wconf 86' lang='lat' dir='ltr'><strong>tenuit,</strong></span> <span class='ocrx_word' id='word_1_184' title='bbox 266 1722 440 1775; x_wconf 87' lang='lat' dir='ltr'><strong>praeter</strong></span> <span class='ocrx_word' id='word_1_185' title='bbox 471 1719 528 1775; x_wconf 88' lang='lat' dir='ltr'><strong>id,</strong></span> <span class='ocrx_word' id='word_1_186' title='bbox 561 1720 674 1774; x_wconf 89' lang='lat' dir='ltr'><strong>quod</strong></span> <span class='ocrx_word' id='word_1_187' title='bbox 707 1721 906 1776; x_wconf 83' lang='lat' dir='ltr'><strong>ingratus</strong></span> <span class='ocrx_word' id='word_1_188' title='bbox 939 1721 1076 1763; x_wconf 88' lang='lat' dir='ltr'><strong>videri</strong></span> <span class='ocrx_word' id='word_1_189' title='bbox 1101 1724 1249 1779; x_wconf 88' lang='lat' dir='ltr'><strong>potest</strong></span> <span class='ocrx_word' id='word_1_190' title='bbox 1276 1723 1379 1765; x_wconf 90' lang='lat' dir='ltr'><strong>ami-</strong></span> 
     </span>
     <span class='ocr_line' id='line_1_28' title="bbox 84 1779 1379 1838; baseline 0.002 -16"><span class='ocrx_word' id='word_1_191' title='bbox 84 1793 176 1833; x_wconf 88' lang='lat' dir='ltr'><strong>cus,</strong></span> <span class='ocrx_word' id='word_1_192' title='bbox 213 1793 301 1822; x_wconf 88' lang='lat' dir='ltr'><strong>non</strong></span> <span class='ocrx_word' id='word_1_193' title='bbox 332 1780 520 1822; x_wconf 87' lang='lat' dir='ltr'><strong>multum</strong></span> <span class='ocrx_word' id='word_1_194' title='bbox 553 1780 644 1821; x_wconf 89' lang='lat' dir='ltr'><strong>eius</strong></span> <span class='ocrx_word' id='word_1_195' title='bbox 676 1779 893 1834; x_wconf 87' lang='lat' dir='ltr'><strong>interfuit,</strong></span> <span class='ocrx_word' id='word_1_196' title='bbox 934 1781 1036 1836; x_wconf 89' lang='lat' dir='ltr'><strong>quid</strong></span> <span class='ocrx_word' id='word_1_197' title='bbox 1069 1782 1379 1838; x_wconf 86' lang='lat' dir='ltr'><strong>ego&#39;scripsis·</strong></span> 
     </span>
     <span class='ocr_line' id='line_1_29' title="bbox 83 1839 1378 1883; baseline 0.002 -2"><span class='ocrx_word' id='word_1_198' title='bbox 83 1853 187 1881; x_wconf 84' lang='lat' dir='ltr'><strong>sem.</strong></span> <span class='ocrx_word' id='word_1_199' title='bbox 229 1839 368 1882; x_wconf 87' lang='lat' dir='ltr'><strong>lectae</strong></span> <span class='ocrx_word' id='word_1_200' title='bbox 395 1841 498 1881; x_wconf 88' lang='lat' dir='ltr'><strong>sunt</strong></span> <span class='ocrx_word' id='word_1_201' title='bbox 522 1839 697 1881; x_wconf 87' lang='lat' dir='ltr'><strong>tabulae</strong></span> <span class='ocrx_word' id='word_1_202' title='bbox 729 1854 869 1881; x_wconf 88' lang='lat' dir='ltr'><strong>meae:</strong></span> <span class='ocrx_word' id='word_1_203' title='bbox 902 1840 1102 1882; x_wconf 85' lang='lat' dir='ltr'><strong>constitit</strong></span> <span class='ocrx_word' id='word_1_204' title='bbox 1132 1841 1238 1883; x_wconf 90' lang='lat' dir='ltr'><strong>fides</strong></span> <span class='ocrx_word' id='word_1_205' title='bbox 1272 1841 1378 1883; x_wconf 89' lang='lat' dir='ltr'><strong>ami-</strong></span> 
     </span>
     <span class='ocr_line' id='line_1_30' title="bbox 84 1898 1377 1954; baseline 0.002 -15"><span class='ocrx_word' id='word_1_206' title='bbox 84 1898 234 1940; x_wconf 86' lang='lat' dir='ltr'><strong>citiae:</strong></span> <span class='ocrx_word' id='word_1_207' title='bbox 266 1898 460 1940; x_wconf 87' lang='lat' dir='ltr'><strong>omnium</strong></span> <span class='ocrx_word' id='word_1_208' title='bbox 491 1898 705 1940; x_wconf 90' lang='lat' dir='ltr'><strong>bonorum</strong></span> <span class='ocrx_word' id='word_1_209' title='bbox 736 1899 966 1941; x_wconf 90' lang='lat' dir='ltr'><strong>institutus</strong></span> <span class='ocrx_word' id='word_1_210' title='bbox 998 1899 1123 1941; x_wconf 88' lang='lat' dir='ltr'><strong>heres</strong></span> <span class='ocrx_word' id='word_1_211' title='bbox 1150 1903 1262 1954; x_wconf 79' lang='lat' dir='ltr'><strong>erat3</strong></span> <span class='ocrx_word' id='word_1_212' title='bbox 1293 1900 1377 1942; x_wconf 90' lang='lat' dir='ltr'><strong>hoc</strong></span> 
     </span>
     <span class='ocr_line' id='line_1_31' title="bbox 82 1957 1450 2040; baseline 0.002 -41"><span class='ocrx_word' id='word_1_213' title='bbox 82 1957 254 2013; x_wconf 89' lang='lat' dir='ltr'><strong>plenior</strong></span> <span class='ocrx_word' id='word_1_214' title='bbox 286 1957 456 1999; x_wconf 85' lang='lat' dir='ltr'><strong>animus</strong></span> <span class='ocrx_word' id='word_1_215' title='bbox 488 1971 624 2012; x_wconf 90' lang='lat' dir='ltr'><strong>meus,</strong></span> <span class='ocrx_word' id='word_1_216' title='bbox 656 1957 771 2012; x_wconf 90' lang='lat' dir='ltr'><strong>quod</strong></span> <span class='ocrx_word' id='word_1_217' title='bbox 804 1957 895 1999; x_wconf 88' lang='lat' dir='ltr'><strong>sine</strong></span> <span class='ocrx_word' id='word_1_218' title='bbox 929 1959 1192 2040; x_wconf 85' lang='lat' dir='ltr'><strong>exceptione.</strong></span> <span class='ocrx_word' id='word_1_219' title='bbox 1242 1959 1376 2015; x_wconf 84' lang='lat' dir='ltr'><strong>igitur</strong></span> <span class='ocrx_word' id='word_1_220' title='bbox 1402 1970 1450 2002; x_wconf 85' lang='lat'><strong>30</strong></span> 
     </span>
    </p>
   </div>
   <div class='ocr_carea' id='block_1_4' title="bbox 82 2084 1374 2182">
    <p class='ocr_par' dir='ltr' id='par_1_5' title="bbox 108 2084 1374 2182">
     <span class='ocr_line' id='line_1_32' title="bbox 181 2084 1374 2133; baseline 0.003 -13"><span class='ocrx_word' id='word_1_221' title='bbox 181 2090 199 2120; x_wconf 94' lang='lat'>1</span> <span class='ocrx_word' id='word_1_222' title='bbox 226 2084 461 2121; x_wconf 87' lang='lat' dir='ltr'><strong>Declamatio</strong></span> <span class='ocrx_word' id='word_1_223' title='bbox 487 2095 553 2120; x_wconf 85' lang='lat' dir='ltr'><strong>om.</strong></span> <span class='ocrx_word' id='word_1_224' title='bbox 580 2087 607 2118; x_wconf 83' lang='lat' dir='ltr'>B</span> <span class='ocrx_word' id='word_1_225' title='bbox 628 2086 638 2130; x_wconf 81' lang='grc' dir='ltr'><strong>[Ι</strong></span> <span class='ocrx_word' id='word_1_226' title='bbox 659 2088 679 2119; x_wconf 98' lang='grc'>2</span> <span class='ocrx_word' id='word_1_227' title='bbox 706 2096 854 2121; x_wconf 90' lang='lat' dir='ltr'><strong>mecum</strong></span> <span class='ocrx_word' id='word_1_228' title='bbox 879 2088 906 2120; x_wconf 89' lang='lat' dir='ltr'>B</span> <span class='ocrx_word' id='word_1_229' title='bbox 926 2087 938 2131; x_wconf 78' lang='grc' dir='ltr'><strong>ΙΙ</strong></span> <span class='ocrx_word' id='word_1_230' title='bbox 964 2087 1169 2123; x_wconf 85' lang='lat' dir='ltr'><strong>censissent</strong></span> <span class='ocrx_word' id='word_1_231' title='bbox 1194 2091 1265 2133; x_wconf 80' lang='lat' dir='ltr'><strong>Ab,</strong></span> <span class='ocrx_word' id='word_1_232' title='bbox 1292 2100 1374 2125; x_wconf 91' lang='lat' dir='ltr'><strong>coe-</strong></span> 
     </span>
     <span class='ocr_line' id='line_1_33' title="bbox 82 2132 1372 2182; baseline 0.003 -14.082"><span class='ocrx_word' id='word_1_233' title='bbox 82 2132 227 2178; x_wconf 83' lang='lat' dir='ltr'><strong>pissent</strong></span> <span class='ocrx_word' id='word_1_234' title='bbox 249 2136 276 2166; x_wconf 85' lang='lat' dir='ltr'>P</span> <span class='ocrx_word' id='word_1_235' title='bbox 294 2134 307 2179; x_wconf 85' lang='grc' dir='ltr'><strong>ΙΙ</strong></span> <span class='ocrx_word' id='word_1_236' title='bbox 326 2135 346 2168; x_wconf 91' lang='grc'>8</span> <span class='ocrx_word' id='word_1_237' title='bbox 373 2143 422 2178; x_wconf 81' lang='lat' dir='ltr'><strong>aq</strong></span> <span class='ocrx_word' id='word_1_238' title='bbox 423 2132 499 2168; x_wconf 91' lang='lat' dir='ltr'><strong>uod</strong></span> <span class='ocrx_word' id='word_1_239' title='bbox 524 2135 577 2166; x_wconf 77' lang='lat' dir='ltr'><strong>Aa</strong></span> <span class='ocrx_word' id='word_1_240' title='bbox 596 2134 607 2178; x_wconf 85' lang='grc'><strong>11</strong></span> <span class='ocrx_word' id='word_1_241' title='bbox 636 2136 655 2167; x_wconf 87' lang='grc'>9</span> <span class='ocrx_word' id='word_1_242' title='bbox 683 2132 731 2168; x_wconf 90' lang='lat' dir='ltr'><strong>ad</strong></span> <span class='ocrx_word' id='word_1_243' title='bbox 757 2143 823 2168; x_wconf 87' lang='lat' dir='ltr'><strong>om.</strong></span> <span class='ocrx_word' id='word_1_244' title='bbox 851 2136 940 2168; x_wconf 77' lang='lat' dir='ltr'><strong>AaB</strong></span> <span class='ocrx_word' id='word_1_245' title='bbox 960 2135 973 2180; x_wconf 81' lang='lat' dir='ltr'>ss</span> <span class='ocrx_word' id='word_1_246' title='bbox 994 2138 1036 2169; x_wconf 92' lang='lat'><strong>10</strong></span> <span class='ocrx_word' id='word_1_247' title='bbox 1062 2135 1221 2172; x_wconf 87' lang='lat' dir='ltr'><strong>titulo</strong></span> <span class='ocrx_word' id='word_1_248' title='bbox 1247 2139 1278 2170; x_wconf 85' lang='grc' dir='ltr'><strong>Δ</strong></span> <span class='ocrx_word' id='word_1_249' title='bbox 1296 2137 1307 2182; x_wconf 79' lang='grc' dir='ltr'><strong>Η</strong></span> <span class='ocrx_word' id='word_1_250' title='bbox 1329 2141 1372 2172; x_wconf 91' lang='grc'><strong>11</strong></span> 
     </span>
    </p>
   </div>
   <div class='ocr_carea' id='block_1_5' title="bbox 82 2144 1373 2322">
    <p class='ocr_par' dir='ltr' id='par_1_6' title="bbox 82 2144 1373 2322">
     <span class='ocr_line' id='line_1_34' title="bbox 82 2144 1373 2253; baseline 0.003 -38.06"><span class='ocrx_word' id='word_1_251' title='bbox 82 2179 352 2253; x_wconf 36' lang='grc' dir='ltr'><strong>”ῖὲ[1*ῖ31·1·31;10]ᾖε</strong></span> <span class='ocrx_word' id='word_1_252' title='bbox 304 2144 422 2228; x_wconf 77' lang='lat' dir='ltr'><strong>]cf.q</strong></span> <span class='ocrx_word' id='word_1_253' title='bbox 426 2181 590 2237; x_wconf 71' lang='lat' dir='ltr'><strong>proleyy.</strong></span> <span class='ocrx_word' id='word_1_254' title='bbox 611 2180 622 2225; x_wconf 76' lang='grc'><strong>11</strong></span> <span class='ocrx_word' id='word_1_255' title='bbox 645 2183 684 2214; x_wconf 91' lang='grc'><strong>13</strong></span> <span class='ocrx_word' id='word_1_256' title='bbox 717 2184 758 2214; x_wconf 86' lang='grc' dir='ltr'>Ν</span> <span class='ocrx_word' id='word_1_257' title='bbox 787 2183 817 2214; x_wconf 80' lang='grc' dir='ltr'><strong>Δ</strong></span> <span class='ocrx_word' id='word_1_258' title='bbox 836 2182 847 2227; x_wconf 88' lang='grc'><strong>11</strong></span> <span class='ocrx_word' id='word_1_259' title='bbox 868 2185 912 2217; x_wconf 89' lang='grc'><strong>20</strong></span> <span class='ocrx_word' id='word_1_260' title='bbox 932 2182 1095 2217; x_wconf 85' lang='lat' dir='ltr'><strong>fatemur</strong></span> <span class='ocrx_word' id='word_1_261' title='bbox 1114 2186 1144 2217; x_wconf 81' lang='lat' dir='ltr'>A</span> <span class='ocrx_word' id='word_1_262' title='bbox 1162 2185 1174 2230; x_wconf 84' lang='grc' dir='ltr'><strong>ΙΙ</strong></span> <span class='ocrx_word' id='word_1_263' title='bbox 1194 2188 1237 2219; x_wconf 89' lang='grc'><strong>21</strong></span> <span class='ocrx_word' id='word_1_264' title='bbox 1259 2184 1373 2219; x_wconf 88' lang='lat' dir='ltr'><strong>licere</strong></span> 
     </span>
     <span class='ocr_line' id='line_1_35' title="bbox 85 2226 1346 2276; baseline 0.002 -13"><span class='ocrx_word' id='word_1_265' title='bbox 85 2228 108 2272; x_wconf 92' lang='lat'><strong>(</strong></span> <span class='ocrx_word' id='word_1_266' title='bbox 121 2228 135 2272; x_wconf 93' lang='lat'><em>)</em></span> <span class='ocrx_word' id='word_1_267' title='bbox 159 2227 239 2271; x_wconf 89' lang='lat' dir='ltr'><strong>R0;</strong></span> <span class='ocrx_word' id='word_1_268' title='bbox 263 2239 314 2264; x_wconf 78' lang='lat' dir='ltr'><strong>an</strong></span> <span class='ocrx_word' id='word_1_269' title='bbox 332 2227 530 2263; x_wconf 73' lang='lat' dir='ltr'><strong>*iudicari</strong></span> <span class='ocrx_word' id='word_1_270' title='bbox 550 2227 598 2272; x_wconf 74' lang='lat'><strong>(9)</strong></span> <span class='ocrx_word' id='word_1_271' title='bbox 619 2228 695 2272; x_wconf 74' lang='lat'><strong>{125</strong></span> <span class='ocrx_word' id='word_1_272' title='bbox 721 2226 946 2264; x_wconf 82' lang='lat' dir='ltr'><strong>facultatum</strong></span> <span class='ocrx_word' id='word_1_273' title='bbox 970 2233 1061 2263; x_wconf 83' lang='lat' dir='ltr'><strong>AbB</strong></span> <span class='ocrx_word' id='word_1_274' title='bbox 1082 2231 1093 2276; x_wconf 76' lang='grc' dir='ltr'><strong>Η</strong></span> <span class='ocrx_word' id='word_1_275' title='bbox 1113 2235 1156 2267; x_wconf 76' lang='grc'><strong>27</strong></span> <span class='ocrx_word' id='word_1_276' title='bbox 1183 2231 1346 2267; x_wconf 79' lang='lat' dir='ltr'><strong>multiB</strong></span> 
     </span>
     <span class='ocr_line' id='line_1_36' title="bbox 85 2274 1113 2322; baseline 0.001 -12"><span class='ocrx_word' id='word_1_277' title='bbox 85 2274 194 2311; x_wconf 79' lang='lat' dir='ltr'><strong>eius</strong></span> <span class='ocrx_word' id='word_1_278' title='bbox 218 2275 343 2320; x_wconf 76' lang='grc' dir='ltr'>Δ1130</span> <span class='ocrx_word' id='word_1_279' title='bbox 369 2275 516 2320; x_wconf 87' lang='lat' dir='ltr'><strong>planior</strong></span> <span class='ocrx_word' id='word_1_280' title='bbox 542 2274 590 2319; x_wconf 69' lang='grc' dir='ltr'><strong>(ἓ)</strong></span> <span class='ocrx_word' id='word_1_281' title='bbox 617 2275 675 2311; x_wconf 83' lang='lat' dir='ltr'><strong>Ro</strong></span> <span class='ocrx_word' id='word_1_282' title='bbox 694 2275 705 2319; x_wconf 77' lang='lat' dir='ltr'><strong>{l</strong></span> <span class='ocrx_word' id='word_1_283' title='bbox 724 2286 828 2311; x_wconf 84' lang='lat' dir='ltr'><strong>meus</strong></span> <span class='ocrx_word' id='word_1_284' title='bbox 856 2279 935 2313; x_wconf 82' lang='lat' dir='ltr'><strong>erat</strong></span> <span class='ocrx_word' id='word_1_285' title='bbox 961 2278 1062 2322; x_wconf 89' lang='lat' dir='ltr'><strong>quod</strong></span> <span class='ocrx_word' id='word_1_286' title='bbox 1086 2280 1113 2311; x_wconf 86' lang='lat' dir='ltr'>B</span> 
     </span>
    </p>
   </div>
   <div class='ocr_carea' id='block_1_6' title="bbox 1083 2337 1154 2372">
    <p class='ocr_par' dir='ltr' id='par_1_7' title="bbox 1083 2337 1154 2372">
     <span class='ocr_line' id='line_1_37' title="bbox 1083 2337 1154 2372; baseline 0 0"><span class='ocrx_word' id='word_1_287' title='bbox 1083 2337 1154 2372; x_wconf 69' lang='lat'><strong>20*</strong></span> 
     </span>
    </p>
   </div>
  </div>
 </body>
</html>
