1604 2488
416 66 844 115 DECLAMATIONES.
870 65 1126 103 CCCXXXVI.
1332 66 1417 108 321

130 176 343 232 corporis:
359 176 507 231 (iam)
516 176 692 218 mihine
706 179 897 218 mentem
912 175 1084 231 quidem
1098 175 1208 218 satis
1222 177 1421 218 constare

131 237 276 280 credo:
309 237 475 279 domum
507 250 600 278 cum
624 236 852 291 venissem,
882 249 1061 277 uxorem
1087 234 1328 278 adulteram
1355 249 1421 277 oc-

121 295 333 349 ,cidissem
372 295 645 350 <adulterum
682 295 976 338 vulnerassem
1017 294 1089 349 et>
1127 296 1282 350 postea
1311 294 1420 361 0<te>

129 355 176 398 in
208 355 335 398 domo
367 354 558 397 viderem
589 354 882 398 vulneratum·
920 354 1210 409 interrogavi,
1249 353 1344 409 quis
1375 356 1420 396 te

128 415 414 457 vulnerasset.
471 414 581 468 [sed]
621 413 778 470 dignus
812 428 908 456 sum
939 416 1098 455 morte:
1130 413 1343 455 infamavi
1374 417 1418 455 te

131 473 359 516 adulterio.
390 475 436 515 in
455 473 649 516 latrones
663 473 971 516 incideramus:
987 486 1066 529 ego
1082 476 1124 515 te
1139 473 1422 528 interrogavi,

132 534 229 589 quis
261 533 550 576 vulnerasset!
595 547 702 588 non,
734 532 816 588 fili,
848 532 1058 588 maligne3
1098 532 1172 574 sed
1205 532 1420 588 quomodo

131 593 336 635 excidunt
368 593 506 635 multa
537 592 625 646 his,
658 592 733 648 qui
765 594 1048 647 expaverunt:
1086 592 1312 647 perculsus
1344 591 1420 635 illo

130 654 250 695 metu
281 652 494 708 ignoravi,
526 652 628 707 quid
659 652 858 694 facerem.
907 651 1013 693 mali
1044 652 1161 694 istud
1193 651 1321 694 aliter
1353 665 1420 693 ac-

130 712 307 767 cipiunt.
381 712 546 754 irascor
589 711 790 754 manibus
835 712 962 763 meis,
1015 710 1128 766 quod
1173 711 1420 753 adulterum

129 773 304 813 tantum
346 771 684 814 vulneraverim:
732 770 855 813 nulla
899 769 952 812 ad
995 771 1038 812 te
1081 771 1321 825 pertineret
1358 770 1421 812 in-

131 830 284 884 famia,
322 830 359 872 si
397 830 662 873 occidissem.
723 844 837 872 nunc
879 843 1112 885 congruere
1155 830 1263 872 haec
1307 830 1422 871 inter

131 903 177 932 se
216 889 434 932 videntur:
478 889 589 932 falso
634 889 826 946 quidem3
871 889 1072 931 videntur
1117 891 1276 932 tamen.
1339 901 1420 944 ego

116 949 276 1007 ,nescio
302 963 430 1004 quem
455 949 699 991 vulneravi:
724 951 773 990 tu
799 949 1053 990 vulneratus
1081 963 1138 991 es.
1177 962 1267 990 non
1293 947 1420 1003 prod-

131 1010 198 1050 est
227 1007 372 1063 nobis,
403 1007 518 1063 quod
550 1022 737 1050 noverca
771 1010 847 1050 est.
891 1007 1116 1050 hominum
1141 1007 1421 1063 iniquitatem

129 1081 186 1109 ne
225 1066 323 1109 odio
363 1067 536 1123 quidem
577 1067 858 1110 defendimus.
923 1081 1002 1123 ego
1043 1069 1088 1109 te
1119 1082 1233 1109 nunc
1265 1067 1302 1109 si
1332 1081 1421 1109 non

131 1140 367 1182 curassem,
409 1126 579 1169 viderer
615 1127 752 1169 filium
792 1126 1011 1169 occidisse.
1079 1126 1193 1168 hanc
1238 1140 1319 1182 ego
1356 1126 1421 1168 111-

131 1185 312 1228 famiam
342 1185 455 1229 ferre
486 1201 573 1228 non
604 1201 794 1242 possum.
852 1189 929 1228 tua
961 1186 1049 1227 alia
1078 1186 1191 1228 ratio
1226 1189 1308 1227 est:
1340 1185 1422 1227 tibi

130 1244 266 1301 longa
290 1245 384 1287 vita
409 1247 615 1300 superest.
655 1245 820 1300 poteris
847 1244 1088 1299 adprobare
1114 1244 1423 1300 innocentiam,

131 1318 231 1346 cum
279 1304 450 1346 duxeris
501 1319 698 1359 uxorem,
748 1319 846 1347 cum
890 1304 1019 1346 fidem
1062 1305 1127 1346 illi
1172 1304 1420 1347 maritalem

130 1363 420 1419 piaestiteris,
461 1378 558 1406 cum
595 1364 731 1406 totius
770 1366 814 1406 te
845 1364 961 1406 vitae
993 1364 1187 1418 gravitas
1219 1363 1423 1406 resolvet.

132 1437 214 1479 ego
242 1423 372 1464 etiam
398 1423 436 1465 si
460 1423 562 1466 nolo
589 1424 712 1478 mori,
739 1423 901 1466 moriar
927 1425 1159 1478 antequam
1179 1423 1423 1466 adulterum

131 1481 363 1524 inveniam.
436 1482 515 1525 Vis
569 1482 754 1525 adiciam
804 1482 942 1524 adhuc
986 1497 1138 1525 causas
1180 1482 1422 1525 moriendi?

130 1541 298 1584 irascor
318 1541 418 1584 tibi:
453 1542 599 1584 nescio
633 1557 760 1598 quem
794 1542 919 1583 illum
951 1542 1145 1584 invenire
1171 1556 1260 1584 non
1284 1537 1422 1597 potes.

132 1600 262 1643 debet
285 1600 404 1644 istud
429 1601 597 1657 ignosci
617 1616 739 1644 meae
760 1601 990 1643 senectuti:
1016 1603 1065 1643 tu
1083 1615 1162 1643 nec
1182 1601 1422 1656 quaesiisti.

600 1730 940 1775 CCCXXXVI.

308 1812 436 1867 Ager
467 1815 734 1858 communis
767 1814 816 1858 et
846 1825 993 1858 novae
1024 1814 1235 1858 tabulae.

130 1896 290 1940 Pactus
335 1913 432 1940 cum
469 1898 605 1941 fratre
643 1899 826 1953 maiore,
868 1901 918 1940 ut
955 1911 1109 1953 agrum
1149 1912 1420 1941 communem

250 1959 483 2012 paternum
526 1957 600 1999 ille
639 1958 875 2013 susciperet
913 1959 958 1999 et
995 1957 1114 1999 omni
1154 1957 1242 1999 aeri
1282 1957 1421 2000 alieno

230 2078 248 2108 1
275 2072 406 2121 (iam)
426 2073 486 2109 Ro
505 2075 518 2119 ΙΙ
537 2075 685 2109 constat·
703 2077 733 2108 A
752 2075 764 2120 ΙΙ
783 2078 804 2109 2
831 2084 916 2109 cum
936 2073 1195 2109 convenissem
1221 2077 1303 2119 AB,
1330 2086 1423 2111 οων.

132 2121 188 2157 Gr
218 2122 230 2167 ΙΙ
263 2125 283 2156 3
311 2121 576 2175 *<adulterum
602 2120 857 2157 vulnerassem
884 2120 950 2169 et>
981 2123 993 2165 ΙΙ
1024 2120 1117 2169 <te>
1142 2122 1219 2157 Aer
1237 2122 1249 2167 ss
1275 2126 1296 2157 5
1323 2123 1422 2169 [sed]

137 2168 211 2204 Obr
229 2170 242 2215 ΙΙ
263 2173 304 2204 11
332 2168 555 2214 pertinetret
580 2171 634 2203 Aa.
652 2169 664 2214 {l
686 2173 728 2204 12
749 2179 911 2214 congrue
930 2172 957 2203 B
977 2170 988 2214 ΙΙ
1010 2173 1099 2204 17—
1106 2172 1148 2204 18
1168 2169 1350 2205 infamam
1377 2170 1424 2216 ΔΗ

136 2219 178 2251 18
205 2215 334 2260 aliqua
358 2219 390 2251 A
408 2216 420 2261 ΙΙ
439 2220 484 2252 22
513 2217 570 2252 eni
574 2228 612 2251 m
637 2219 713 2260 AB,
740 2228 831 2252 corr.
855 2216 914 2252 Fr
932 2216 1191 2261 ”adulterium
1215 2221 1242 2251 P
1266 2218 1279 2262 ΙΙ
1304 2222 1349 2252 23
1376 2217 1424 2252 ad.

134 2262 209 2299 hoc
234 2266 310 2309 AB,
337 2275 429 2300 corr.
450 2263 509 2299 Ro
528 2265 540 2309 ΙΙ
560 2268 604 2299 28
630 2265 807 2309 pactus
832 2268 862 2298 A

205 2329 392 2362 Quintiliani
413 2329 507 2363 decl.,
528 2330 573 2355 ed.
593 2330 704 2356 Ritter.
1162 2327 1206 2357 21.

1446 424 1467 455 ιἿ

1450 720 1492 752 10

1450 1016 1492 1048 15

1447 1314 1493 1346 20

1449 1612 1494 1643 25
