1578 2470
425 101 850 140 DECLAMATIONES.
877 101 1148 140 cchxxxv.
1341 102 1427 145 431

557 210 598 253 D
606 210 644 254 Ε
653 208 687 253 C
694 210 730 253 L
740 209 779 252 A
786 209 832 253 M
840 210 881 252 A
889 210 924 252 Τ
932 211 955 253 I
963 210 1010 254 Ο.

230 293 524 350 Quamquam,
561 297 611 337 ut
646 293 800 337 feceris
838 293 1063 350 damnum,
1099 295 1256 338 merito
1288 296 1428 338 relata

138 353 223 397 tibi
253 353 364 396 talio
397 357 476 408 est,
505 355 685 409 propter
717 367 845 409 quem
877 352 1036 397 damna
1069 368 1218 397 omnes
1248 354 1428 398 faciunt.

138 413 237 456 leno
271 415 338 455 est
367 413 591 468 publicum
623 413 842 455 damnum.
905 413 1028 468 atqui
1060 413 1166 469 <tu>
1198 415 1319 456 tuam
1351 429 1425 457 an·

139 472 286 515 eillam
316 472 465 515 habes.
520 471 685 528 „Malo,
716 472 875 527 inquit,
908 473 1104 528 exemplo
1136 473 1286 516 datum
1318 472 1422 517 est.“

139 530 299 582 Quidni
331 531 411 587 ait,
450 531 672 574 civitatem
706 534 823 574 stare
854 545 943 574 non
974 546 1122 588 posse,
1160 533 1262 587 quia
1293 547 1427 576 mere-

136 591 224 633 trix
256 591 401 633 amet?
460 590 780 647 „Amatorium,
812 591 974 646 inquit,
1006 590 1200 634 dedistif‘
1266 592 1427 635 Damni

139 650 235 706 agis
268 652 312 692 et
343 650 598 693 veneficium
630 649 797 692 obicis?

664 767 896 811 SERMO.

227 851 322 906 Hic,
354 866 409 894 an
440 851 700 894 amatorium
733 851 932 894 effectum
957 851 1147 894 habeat?
1181 851 1284 908 quid
1310 853 1425 895 enim

140 911 179 954 si
199 910 406 953 deformis
426 911 516 966 det,
550 911 588 953 si
608 910 776 965 debilis,
809 911 846 952 si
866 925 1030 966 caecus,
1057 911 1094 953 si
1113 926 1194 966 pro
1215 912 1426 954 absente?

135 970 348 1026 numquid
393 970 507 1012 enim
551 969 758 1021 mandata
801 969 1163 1012 medicamentum
1202 971 1426 1026 accipere?

138 1031 183 1072 et
211 1029 321 1072 illud
352 1030 492 1085 prius:
525 1028 741 1084 quomodo
775 1029 968 1071 animum
1000 1031 1158 1084 mutet,
1190 1030 1304 1085 quod
1336 1045 1424 1073 cor-

135 1088 235 1144 pori
274 1103 364 1131 non
402 1090 575 1143 noceat,
614 1102 692 1143 per
734 1087 848 1143 quod
887 1088 1078 1131 transit?
1147 1089 1178 1146 †
1202 1092 1246 1132 et
1286 1092 1428 1132 mutat

138 1147 351 1199 animum,
394 1149 444 1190 ut
481 1147 800 1204 indulgentiam
836 1147 1077 1203 praecipiat
1097 1148 1128 1204 ἢ·
1166 1148 1252 1191 isto
1296 1148 1425 1192 modo

136 1206 339 1250 lenonem
370 1205 548 1249 divitias
581 1207 627 1248 in
659 1221 791 1249 manu
822 1206 996 1249 habere.

230 1264 346 1322 „Gur
367 1279 485 1322 ergo,
503 1265 659 1320 inquit,
679 1265 897 1307 dedisti?“
927 1265 1071 1307 Multa
1091 1266 1271 1309 miseros
1293 1267 1424 1309 etiam

137 1324 231 1367 sine
249 1324 420 1367 ratione
438 1327 667 1380 temptare.
708 1324 823 1379 huic,
849 1339 946 1367 cum
965 1325 1106 1367 tristis
1128 1327 1252 1381 esset,
1279 1340 1426 1381 super-

137 1383 309 1426 venisse
341 1398 491 1426 anum:
532 1386 817 1439 monstrasse3
860 1383 993 1439 hunc,
1037 1386 1270 1440 antequam
1302 1385 1426 1428 daret

139 1444 428 1486 monstratam
452 1443 689 1498 potionem,
720 1458 774 1485 ne
802 1442 904 1498 quid
932 1446 1118 1498 noceret,
1148 1443 1337 1498 priorem
1362 1444 1424 1486 bi-

137 1501 272 1544 bisse:
303 1516 427 1544 reum
459 1503 603 1544 autem
635 1502 714 1544 sub
747 1502 829 1545 hac
861 1502 986 1557 culpa
1019 1517 1124 1558 esse,
1155 1503 1270 1558 quod
1300 1504 1425 1558 n0[n-

137 1561 353 1615 ta]cuerit.

226 1619 397 1663 Ultima
427 1619 650 1676 figuratio,
691 1620 1052 1676 quemadmodum
1090 1621 1188 1664 leno
1220 1621 1425 1663 damnum

138 1680 447 1722 aestimaturus
480 1679 556 1722 sit:
587 1681 794 1722 nimirum
826 1680 1018 1723 voluisse
1043 1680 1167 1722 illum
1194 1681 1424 1723 aestimare

137 1739 362 1794 ancillam,
394 1742 439 1781 et
469 1739 657 1782 fortasse
688 1739 790 1781 huic
821 1739 1018 1782 vendere.

229 1797 370 1854 Supra
407 1798 541 1840 etiam
577 1798 687 1840 illud
726 1812 1001 1854 quaeremus,
1044 1798 1157 1841 unde
1195 1799 1426 1855 intellegat

137 1872 283 1900 amare
322 1857 535 1900 ancillam.
597 1858 711 1913 quod
744 1858 915 1913 saepius
947 1858 1123 1900 veniat?
1185 1858 1268 1900 hoc
1298 1858 1425 1900 illum

138 1929 304 1971 semper
346 1916 501 1959 fecisse
543 1916 674 1959 dicet:
721 1931 875 1971 nempe
914 1919 1050 1971 amat,
1094 1916 1186 1958 sine
1223 1917 1301 1958 illa
1337 1931 1426 1959 non

233 2012 254 2044 2
279 2008 467 2044 *fecerim
492 2011 578 2052 ΔΒ,
604 2009 770 2045 dederim
795 2009 943 2055 Sch113
970 2008 1100 2044 talio
1126 2011 1156 2043 Δ
1180 2010 1193 2054 ΙΙ
1218 2019 1331 2054 quem
1355 2021 1424 2046 om.

133 2058 162 2091 Β
181 2056 195 2101 Ι]
213 2055 313 2092 dona
338 2058 392 2090 Aa
417 2056 430 2101 ΙΙ
454 2060 476 2091 4
501 2054 598 2104 (tu)
622 2056 711 2101 Rou
737 2060 758 2091 8
784 2055 882 2103 agis]
910 2056 1107 2092 materiam
1131 2059 1158 2091 B
1178 2056 1190 2102 ΙΙ
1211 2059 1255 2092 10
1282 2068 1331 2092 an
1355 2068 1422 2093 om.

133 2105 162 2138 Β
182 2104 194 2150 ΙΙ
212 2104 423 2139 amatorum
449 2106 503 2138 Aa
533 2105 545 2150 ΙΙ
575 2103 691 2139 habet
714 2106 741 2137 B
773 2105 784 2150 ΙΙ
819 2107 956 2139 14-15
990 2103 1153 2139 transit?
1180 2104 1219 2139 et
1242 2106 1365 2141 mutet
1390 2115 1423 2140 a.

119 2152 179 2197 ⁴ut
202 2151 278 2186 ind.
305 2150 538 2196 praecipiat?
561 2150 641 2195 Ro;
664 2151 749 2194 fort.
777 2151 797 2172 *
816 2151 975 2187 transit?
1002 2153 1041 2186 et
1065 2151 1271 2188 mutaverit
1294 2163 1353 2189 an.
1380 2154 1424 2188 ut

135 2197 212 2234 ind.
238 2198 464 2244 praecipiat,
496 2198 569 2233 isto
601 2198 713 2233 modo
739 2202 802 2235 etc.
841 2200 853 2245 ΙΙ
890 2202 1030 2234 21—22
1057 2209 1132 2235 non
1155 2198 1318 2235 tacuerit
1342 2202 1423 2243 AB,

135 2255 228 2314 goa-r.
254 2245 410 2290 R01124
437 2244 690 2281 aestimaturis
715 2249 770 2280 Aa
788 2247 800 2292 ΙΙ
819 2251 864 2282 27
890 2246 996 2282 illam
1022 2248 1107 2291 AB,
1133 2257 1225 2283 corr.
1252 2247 1328 2283 Aer
1346 2248 1358 2292 ΙΙ
1378 2249 1422 2281 28

171 2303 284 2338 saepe
309 2295 376 2327 ΑΒ

1454 863 1498 895 10

1454 1158 1497 1190 15

1450 1455 1496 1488 20

1449 1750 1495 1783 25
