1578 2470
175 798 218 829 10

174 1134 216 1166 15

172 1495 216 1526 20

244 100 330 143 376
705 101 1003 143 QUINTILIANI

244 210 423 262 turpiter
454 207 715 262 deficiebam,
746 206 1053 262 perdebamque
1083 210 1366 252 necessarium
1397 210 1496 251 civi·

243 266 325 307 tati
356 266 615 319 exemplum:
644 265 814 320 iamque
844 266 888 307 in
921 279 1012 307 eam
1045 268 1246 309 venturus
1278 281 1392 310 eram
1420 267 1495 310 ho-

244 324 405 366 minum
452 323 752 378 suspicionem,
789 325 1008 378 tamquam
1038 338 1105 365 me
1136 324 1406 378 permittente
1437 326 1496 366 fe-

243 395 382 423 clsses.

332 438 427 481 Hoc
458 451 554 494 age:
596 439 662 480 dic
691 439 900 492 insanum,
930 439 996 481 dic
1026 439 1243 494 furiosum,
1273 441 1340 484 dic
1370 441 1495 495 longe

245 498 297 539 ab
327 497 545 539 intellectu
577 497 794 552 sanguinis
826 498 889 538 sui
915 497 1112 551 positum.
1158 498 1263 550 vide,
1293 512 1346 541 ne
1371 512 1494 553 roga-

243 555 366 597 veris.
429 555 528 610 quid
567 556 678 597 enim
717 557 886 597 acturus
925 555 1028 609 (es)
1068 556 1119 596 ad
1156 569 1295 611 genua.
1331 557 1494 610 provol-

244 613 393 668 vendo,
414 613 651 655 adhibendo
673 613 842 667 amicos,
860 613 999 655 fiendo
1019 614 1064 654 in
1077 616 1222 668 pectus
1236 614 1404 657 meum?
1423 628 1495 654 -2

242 671 417 713 insanus
443 686 554 725 sum3
583 671 692 712 nihil
719 671 867 714 sentio.
909 672 923 712 i
950 671 1000 712 ad
1025 671 1147 713 illum
1175 674 1341 726 patrem
1364 675 1496 714 tuum.

787 785 948 831 Goon.

501 867 634 920 Aqua
664 866 844 920 frigida
873 868 1090 922 privigno
1121 867 1242 912 data.

245 949 326 1000 Qui
356 950 542 992 habebat
570 950 723 1002 filium,
762 950 919 991 amissa
950 952 1086 991 matre
1119 950 1206 991 eius
1239 949 1366 991 aliam
1396 964 1498 991 uxo-

363 1022 452 1049 rem
483 1008 632 1065 ffluxit.
703 1007 853 1048 incidit
900 1008 945 1048 in
995 1021 1166 1062 gravem
1214 1007 1497 1049 valetudinem

361 1066 482 1107 filius.
544 1066 764 1107 convocati
802 1068 899 1106 sunt
938 1065 1106 1119 medici3
1148 1065 1343 1106 dixerunt
1373 1065 1499 1106 mori-

364 1127 526 1176 turum,
558 1124 592 1164 si
625 1137 778 1177 aquam
808 1122 1007 1177 frigidam
1038 1123 1230 1164 bibisset.
1290 1122 1406 1164 dedit
1435 1122 1500 1163 illi

360 1195 541 1224 noverca
578 1195 732 1235 aquam
769 1181 986 1235 frigidam:
1030 1180 1157 1234 periit
1191 1180 1364 1233 iuvenis.
1425 1194 1498 1222 no-

363 1254 486 1282 verea
517 1242 739 1280 accusatur
771 1253 796 1279 a
826 1239 980 1280 marito
1012 1238 1215 1280 veneficii.

649 1352 1088 1397 DECLAMATIO.

329 1425 535 1468 Veneficii
566 1439 659 1480 ago.

330 1484 486 1525 Filium
527 1498 668 1525 meum
699 1484 860 1536 perisse
892 1486 934 1523 et
965 1497 1015 1524 ea
1045 1482 1234 1536 potione,
1272 1496 1398 1536 quam
1429 1482 1498 1524 de-

241 1543 353 1584 derit
382 1556 579 1595 noverca,
618 1542 790 1595 perisse,
827 1555 914 1582 non
945 1540 1116 1582 difficile
1147 1541 1349 1593 probabo.
1398 1554 1500 1583 nam

241 1603 284 1643 et
322 1601 465 1642 datam
503 1615 528 1642 a
567 1614 611 1641 se
641 1599 860 1653 potionem
890 1613 974 1640 non
1007 1601 1152 1653 negat,
1190 1602 1233 1639 et
1263 1612 1356 1640 eam
1388 1599 1499 1652 peri-

241 1659 428 1701 culosam
460 1658 602 1710 fuisse,
635 1671 740 1711 quae
772 1657 986 1710 praedicta
1017 1660 1133 1709 sunt,
1165 1656 1405 1698 ostendunt.
1443 1669 1498 1698 ne

243 1716 488 1772 ignorantia
521 1715 689 1770 quidem
722 1714 890 1755 defendi
922 1716 1082 1768 potest:
1119 1714 1162 1754 id
1193 1714 1304 1767 quod
1337 1714 1500 1767 accidit,

336 1834 353 1864 1
380 1830 525 1875 prodo
551 1833 580 1863 A
599 1831 610 1875 ss
641 1829 912 1874 prodebamque
938 1831 1010 1869 AB,
1037 1838 1125 1863 corr.
1147 1828 1224 1862 edd.
1250 1828 1262 1871 ΙΙ
1294 1830 1382 1862 1-2
1410 1827 1499 1862 civi-

238 1878 356 1912 tatem
383 1879 436 1910 Aa
455 1876 467 1919 ΙΙ
486 1881 505 1910 3
531 1876 805 1920 permittentem
832 1878 857 1908 13
877 1875 888 1919 [Ι
907 1878 927 1908 4
942 1873 1088 1908 fecisses
1102 1885 1166 1909 om.
1178 1877 1204 1906 P
1222 1875 1234 1918 ΙΙ
1253 1878 1272 1908 5
1287 1874 1345 1908 dic
1360 1874 1497 1918 (prius)

240 1934 303 1959 om..
332 1927 358 1956 P
375 1925 387 1968 ΙΙ
407 1927 427 1958 6
454 1923 473 1944 *
489 1934 589 1967 sang.
617 1923 815 1967 sepositum
841 1921 905 1963 (ἲ),
931 1922 975 1962 cf.
1009 1920 1316 1965 Pseudo-Quintil.
1343 1921 1426 1956 decl.
1456 1919 1499 1962 V,

236 1981 273 2015 p.
303 1972 372 2005 114
396 1970 458 2003 Bu
498 1971 608 2014 longe
639 1970 677 2003 te
709 1968 754 2003 ab
786 1968 979 2002 intellectu
1009 1969 1163 2001 naturae
1197 1966 1360 2012 seposuit
1383 1977 1499 2011 prava

238 2016 425 2061 persuasio
444 2016 456 2060 {l
476 2020 494 2050 7
521 2015 615 2062 (es)
641 2015 697 2049 Fr
721 2016 733 2059 ΙΙ
757 2019 777 2049 9
802 2014 863 2048 iad
887 2013 990 2048 illum
1017 2017 1064 2054 A,
1092 2025 1146 2047 -n·
1167 2015 1226 2057 (=
1247 2012 1356 2057 enim)
1383 2013 1431 2048 ad
1454 2011 1498 2046 il-

241 2064 317 2097 lum
341 2065 385 2105 B,
414 2062 509 2097 enim
536 2062 582 2096 ad
606 2062 711 2096 illum
737 2065 762 2095 P
792 2062 803 2106 ss
837 2064 878 2095 12
904 2060 1038 2105 matre]
1064 2060 1103 2094 in
1127 2061 1269 2104 patrem
1296 2063 1318 2092 c
1348 2060 1362 2103 Η
1392 2061 1434 2092 13
1459 2058 1498 2093 in

241 2119 306 2144 om.
333 2111 392 2142 Ac
417 2110 429 2153 ss
455 2112 497 2143 16
523 2108 621 2153 perit
644 2111 673 2142 A
697 2109 709 2152 ss
733 2119 808 2152 per.
834 2117 968 2151 magno
995 2106 1066 2141 iuv.
1091 2110 1116 2140 P
1135 2107 1146 2150 ΙΙ
1173 2110 1214 2140 17
1240 2116 1263 2139 a
1287 2116 1352 2140 om.
1376 2107 1403 2139 B
1422 2104 1434 2148 Η
1453 2108 1498 2139 20

239 2159 332 2190 -21
359 2155 521 2189 dederim
548 2159 570 2188 c
589 2157 600 2200 ΙΙ
619 2158 662 2188 21
689 2153 833 2189 deficile
858 2153 1020 2197 propabo
1046 2155 1075 2186 A
1093 2154 1106 2198 ΙΙ
1124 2156 1166 2187 22
1187 2163 1230 2188 ea
1249 2154 1311 2186 AB
1329 2152 1341 2196 ΙΙ
1359 2154 1497 2186 22-23

241 2201 451 2248 periculosa
469 2204 510 2244 A,
530 2201 694 2246 pericula
711 2204 737 2234 Β
757 2201 768 2245 ΙΙ
787 2204 832 2235 23
845 2199 1037 2243 praedicta
1055 2199 1163 2244 ABG]
1182 2199 1270 2233 mihi
1286 2201 1498 2242 suspectum,

243 2248 369 2284 secuta,
394 2248 447 2283 vel
472 2249 543 2283 tale
567 2248 653 2292 quid
678 2247 897 2282 desideranti
915 2247 926 2291 ΙΙ
945 2246 1132 2281 ostendint
1156 2248 1196 2290 A,
1222 2244 1384 2280 ostendit
1406 2246 1432 2277 B
