1578 2470
163 763 205 795 10

161 1053 203 1084 15

158 1343 202 1374 20

158 1633 201 1664 25

234 123 319 165 362
713 123 1011 166 QUINTILIANI

231 244 318 272 non
361 233 490 272 esset:
533 244 645 271 nunc
687 232 735 271 ut
778 230 834 271 sit
869 230 984 271 istud
1013 229 1296 283 tyrannicidio
1337 231 1488 284 simile,

231 289 315 342 ipsi
339 291 484 329 tamen
507 287 711 341 praeferri
736 297 822 329 non
846 290 1000 341 potest,
1031 288 1098 329 eui
1122 288 1260 330 simile
1280 291 1355 331 est.
1386 303 1487 344 ergo

231 346 300 387 lex
336 346 461 387 nobis
499 345 572 387 dat
608 347 860 400 praemium,
900 345 981 386 tibi
1017 359 1102 387 non
1141 345 1222 389 dat.
1284 346 1404 396 Quod
1435 347 1487 388 ad

231 404 485 458 religionem
510 404 696 445 iudicum
722 404 918 458 pertinet,
948 403 1156 445 hactenus
1181 418 1352 447 causam
1375 405 1488 446 finiri

235 462 339 502 satis
373 465 484 504 esset.

322 518 403 561 Sed
440 534 570 574 quare
606 534 693 561 non
729 520 815 560 iam
847 519 977 560 etiam
1007 520 1167 562 rationi
1197 519 1286 562 eius
1316 535 1487 575 respon-

232 578 435 619 deamus?
486 592 581 619 cum
612 578 687 619 illa
719 578 898 632 quidem,
933 576 1104 631 iudices,
1134 578 1317 632 primwm
1347 580 1487 621 condi-

230 636 348 677 cione
374 650 465 678 esse
491 636 621 677 istum
647 636 783 677 bonae
808 635 1044 678 voluntatis
1070 635 1264 690 fatemur,
1292 637 1487 691 cupidum

231 694 443 735 libertatis
476 694 759 735 concedimus:
792 693 891 734 dum
923 695 965 734 et
995 693 1066 734 ille
1097 693 1296 748 fateatur,
1327 709 1417 736 esse
1443 710 1487 736 se

231 766 382 805 parum
412 752 585 807 fortem3
622 752 804 793 fortasse
835 751 938 793 vitio
969 751 1243 806 infirmitatis,
1272 753 1338 794 vel
1368 755 1488 794 natu-

230 810 313 850 rali
350 810 415 851 vel
455 810 566 864 quod
606 811 724 864 ipsae
755 823 829 863 per
861 823 904 850 se
937 809 1078 851 solent
1108 809 1272 851 adferre
1303 810 1488 852 divitiae.

231 868 363 909 simus
417 868 638 909 voluntate
683 868 889 922 contenti3
939 881 1024 908 non
1067 867 1285 922 exigamus
1330 868 1384 910 ab
1427 883 1490 922 eo,

230 929 435 979 quantum
478 940 564 968 non
602 927 764 980 potest:
807 928 856 966 ut
898 925 1044 966 sciatis
1087 925 1197 968 hanc
1241 940 1332 967 esse
1376 926 1489 968 inter

228 984 334 1025 duos
372 984 668 1037 differentiam,
705 986 752 1024 ut
789 983 992 1037 quidquid
1028 983 1102 1024 ille
1139 983 1290 1036 voluit,
1327 983 1396 1025 hic
1427 983 1487 1025 fe-

229 1042 346 1083 cerit.
389 1042 486 1083 volo
518 1042 630 1082 enim
660 1044 799 1083 tecum
831 1041 958 1095 loqui.
1005 1041 1104 1095 quid
1136 1041 1189 1082 ad
1214 1041 1322 1083 hanc
1348 1041 1486 1096 legem

227 1101 286 1140 ita
341 1100 625 1154 conscriptam
681 1099 878 1140 audacter
926 1099 1081 1140 venis?
1159 1099 1488 1153 tyrannicidium

227 1160 349 1199 tuum
390 1172 476 1198 non
519 1158 610 1199 dico
655 1157 866 1211 adproba:
917 1156 1103 1198 ostende.
1169 1156 1270 1210 quid
1317 1156 1488 1199 fecisti?

226 1215 492 1269 „Pecuniam‚
523 1215 674 1270 inquit,
705 1214 837 1256 dedi.“
884 1213 962 1266 Ita,
993 1214 1163 1268 iudices,
1194 1214 1281 1266 ista·
1307 1214 1376 1256 lex
1407 1215 1490 1256 emi

227 1273 402 1327 potest?
434 1274 487 1315 ad
520 1287 731 1314 summum
762 1272 805 1314 in
837 1287 881 1312 re
907 1272 1075 1326 publica
1105 1274 1255 1314 nostra
1283 1271 1489 1314 honorem

227 1346 313 1372 non
337 1331 515 1385 animus,
540 1346 627 1372 non
651 1331 799 1383 virtus,
823 1344 910 1371 non
935 1344 1084 1371 manus
1111 1330 1258 1384 mittit,
1289 1329 1362 1371 sed
1393 1345 1489 1373 arca

229 1393 270 1431 et
309 1389 604 1444 dispensator?
653 1389 759 1430 bene
791 1388 963 1429 hercule
994 1387 1226 1442 negotiaris
1257 1391 1295 1429 et
1324 1389 1490 1443 excogi-

227 1448 330 1489 tasti
354 1462 440 1489 non
465 1447 676 1489 mediocre
700 1461 787 1488 non
819 1445 912 1488 dico
937 1445 1077 1487 famae
1107 1448 1233 1500 atque
1264 1446 1491 1500 opinionis,

228 1506 300 1547 sed
342 1505 589 1560 patrimonii
632 1505 761 1547 etiam
796 1504 879 1558 tui,
922 1518 1016 1546 cum
1054 1504 1214 1558 alioqui
1244 1503 1488 1557 abundaret,

227 1564 534 1617 compendium.
602 1563 685 1617 dic,
729 1563 795 1604 dic
838 1563 986 1617 quanti
1029 1562 1200 1614 emeris,
1231 1562 1306 1615 <ut
1337 1563 1487 1616 optes>

227 1622 334 1675 quod
377 1622 495 1663 velis.
565 1625 613 1663 tu
656 1621 763 1662 mihi
805 1620 908 1662 dicis
938 1621 1190 1674 „pecuniam
1227 1619 1321 1661 dedi
1357 1622 1400 1661 et
1438 1635 1487 1661 ex

231 1680 370 1720 otiosa
410 1680 573 1721 iacente
605 1678 854 1733 patrimonii
884 1680 1006 1732 parte
1038 1677 1196 1732 aliquid
1226 1678 1487 1719 numeravi“:

322 1751 411 1781 1--2
438 1747 517 1781 sim.
544 1747 575 1781 si
599 1747 648 1790 ip.
674 1749 700 1779 B
719 1749 731 1789 ΙΙ
751 1750 772 1780 4
797 1746 928 1781 causae
949 1748 979 1778 A
997 1747 1009 1790 [l
1028 1748 1048 1779 5
1075 1747 1131 1780 est
1149 1748 1189 1789 A,
1216 1746 1302 1780 estis
1327 1748 1366 1789 B,
1392 1756 1480 1782 corr.

225 1794 300 1828 Aer
317 1793 330 1837 ΙΙ
350 1797 369 1828 6
394 1793 557 1838 pactioni
575 1795 615 1835 A,
640 1792 824 1838 pactionis
842 1794 880 1835 Β,
906 1802 995 1826 corr.
1015 1791 1093 1832 R0‚·
1119 1791 1312 1826 iactationi
1331 1792 1385 1827 Gr
1402 1793 1415 1837 Ι]
1434 1793 1482 1828 ei'

225 1851 298 1875 non
323 1850 416 1884 resp,
443 1842 469 1872 B
488 1841 499 1884 ΙΙ
525 1842 614 1874 7-8
640 1838 760 1883 prima
785 1837 1010 1873 confessione
1030 1840 1104 1881 AB,
1130 1848 1221 1872 corr.
1251 1837 1305 1872 Gr
1323 1838 1334 1883 ΙΙ
1355 1842 1398 1872 10
1423 1850 1487 1883 pa-

225 1898 306 1920 rum
329 1887 473 1930 partem
497 1886 520 1919 f.
547 1889 599 1919 Aa.
623 1888 649 1918 B
674 1887 686 1930 ΙΙ
720 1889 760 1919 12
788 1885 896 1918 simul
920 1887 946 1917 B
965 1885 977 1928 ΙΙ
1010 1888 1052 1918 13
1077 1895 1150 1918 non
1175 1894 1239 1919 om.
1266 1887 1292 1917 B
1312 1885 1323 1929 ΙΙ
1356 1888 1399 1919 14
1423 1885 1487 1919 ille

225 1944 291 1969 om.
317 1935 343 1966 B
361 1933 374 1977 11
395 1936 436 1966 15
462 1931 547 1967 volo
572 1932 647 1966 iam
672 1931 717 1977 (ἓ)
741 1931 799 1966 Ro
828 1933 840 1975 ΙΙ
872 1934 1008 1966 15—16
1033 1931 1155 1975 legem
1173 1947 1186 1960 ·
1203 1930 1243 1964 fu
1260 1947 1272 1959 ο
1291 1931 1488 1976 cscriptam

225 1982 271 2023 A,
308 1979 430 2023 legem
460 1980 502 2013 tu
533 1978 728 2023 conscript.
761 1981 805 2019 B,
840 1988 929 2012 corr.
955 1977 1012 2012 Ro
1043 1978 1054 2022 ΙΙ
1086 1980 1128 2012 18
1152 1983 1198 2006 ψ
1224 1978 1266 2012 in
1289 1988 1402 2023 mar-9.
1428 1980 1458 2011 A
1476 1978 1487 2023 Η

224 2026 334 2060 iudex
357 2029 416 2069 Bb,
443 2024 528 2060 vide
553 2029 579 2058 P
597 2026 609 2070 ss
627 2025 700 2059 ista
723 2028 826 2060 om?
844 2025 855 2069 Η
875 2027 1019 2074 20-21,
1038 2025 1139 2058 arcet
1163 2024 1199 2058 d.
1224 2026 1251 2057 B
1301 2027 1343 2058 21
1367 2024 1486 2059 ercole

227 2075 258 2106 A
292 2074 304 2117 ΙΙ
341 2071 551 2116 *negotiari
588 2071 652 2106 sed
690 2074 770 2113 AB,
802 2070 1018 2115 negotiaris,
1059 2069 1122 2104 sed
1159 2071 1236 2105 edd.
1268 2070 1274 2114 Ι
1311 2073 1355 2105 22
1382 2080 1486 2105 exco-

226 2118 355 2163 gitasti
379 2122 442 2162 Aa,
468 2118 686 2162 excogitatis
710 2121 737 2151 B
757 2119 768 2162 ΙΙ
787 2121 831 2152 23
858 2117 1061 2152 abundares
1087 2115 1144 2151 Fr
1161 2118 1174 2162 ΙΙ
1192 2119 1237 2151 24
1260 2115 1330 2162 <ut
1355 2116 1487 2163 optes>

229 2164 283 2200 Gr
314 2167 326 2210 ΙΙ
356 2169 400 2199 25
427 2165 516 2209 quid
541 2168 615 2209 AB,
641 2175 730 2200 corr.
757 2164 831 2198 Aer
862 2165 874 2207 ΙΙ
904 2163 989 2198 dedi
1013 2162 1161 2198 virtutis
1184 2162 1323 2198 famam
1346 2163 1487 2198 redemi

227 2234 303 2258 non
325 2234 433 2268 posse
460 2224 497 2257 et
522 2224 589 2258 etc.
616 2225 645 2256 A
663 2223 676 2266 ΙΙ
700 2226 837 2257 25-26
864 2221 1028 2256 exociose
1054 2222 1091 2256 et
1113 2211 1157 2256 ’ἐῖ
1177 2221 1374 2269 ὑαοθυΐῑεβ
1399 2222 1411 2265 ΙΙ
1442 2224 1486 2255 26

224 2269 445 2314 patrimonio
470 2273 520 2302 Ba
