1604 2488
388 107 773 145 DECLAMATIONE
779 108 812 145 S.
839 107 1061 144 CCLXXIX.
1282 106 1366 149 139

80 219 183 276 quid
238 219 424 274 turpiter
474 218 715 273 suspicetur
762 218 934 272 praeter
982 216 1025 258 id
1076 215 1367 271 maledictum,

79 278 197 334 quod
227 278 320 333 ipse
352 277 530 331 audivit,
562 277 673 332 quod
707 277 823 318 intra
852 276 984 318 verba
1016 275 1224 318 constitit.
1276 290 1366 317 ma-

79 339 199 380 ximo
238 339 366 392 atque
412 336 658 379 admirabili
701 335 847 391 potius
889 335 1186 390 experimento
1224 335 1366 390 gravi-

78 400 215 439 tatem
243 396 373 438 huius
399 396 521 451 pueri
549 395 918 450 severitatemque,
950 394 1123 447 iudices,
1156 394 1366 450 diligetis:

81 456 183 512 quia.
213 456 271 510 is,
303 456 378 511 qui
409 458 580 497 tantum
611 454 732 496 nefas
766 453 1062 510 concupierat,
1092 454 1235 508 ipsum
1266 468 1366 508 pue-

78 529 175 557 rum
207 515 427 570 appellare
459 529 547 557 non
579 528 708 556 ausus
734 516 810 556 est.
852 513 1024 555 facilius
1051 513 1116 555 illi
1141 513 1227 555 fuit
1246 512 1367 568 loqui

82 588 179 616 cum
209 574 292 616 hoe
322 576 464 629 patre,
501 573 583 615 hoc
615 587 782 626 severo,
814 575 858 615 et
888 572 1007 627 loqui
1038 587 1126 614 non
1159 572 1291 615 semel
1323 574 1367 613 et

81 633 306 689 pecuniam
348 632 545 689 polliceri
588 635 632 674 et
674 632 838 674 adicere
882 632 1082 687 pretium.
1149 635 1242 673 tum
1282 631 1366 673 iste

78 696 228 735 tamen
276 707 364 734 non
415 692 523 734 adiit
574 691 877 747 magistratus,
918 706 1008 733 non
1055 690 1366 733 vociferatione

77 751 238 794 saltem
272 751 478 793 invidiam
510 750 649 793 facere
682 751 796 806 apud
828 751 1035 806 populum
1068 753 1248 792 conatus
1282 752 1365 792 est:

75 813 199 853 tanto
237 810 405 853 facilius
438 812 506 852 est
537 810 708 866 exigere
740 823 946 865 magnum
986 809 1194 863 animum,
1234 823 1365 864 quam

81 871 316 925 praestare.
391 869 428 911 si
471 869 692 911 hominem
736 869 928 912 occidere
972 869 1100 910 facile
1143 871 1227 924 est,
1270 871 1365 910 tum

79 929 200 971 feriri
232 928 444 984 oportuit,
486 943 582 969 cum
622 928 673 969 de
706 930 856 984 stupro
889 928 969 970 filii
999 928 1064 969 tui
1095 927 1365 984 loquebatur,

77 1002 178 1030 cum
208 989 380 1030 tuarum
413 987 456 1029 id
487 987 697 1042 partium,
733 988 798 1029 tui
836 988 986 1041 animi,
1025 990 1199 1029 tuarum
1232 987 1364 1029 etiam

77 1047 235 1088 virium
277 1046 372 1090 fuit.
442 1061 543 1088 nam
586 1046 800 1102 fingamus
845 1060 948 1088 sane
986 1045 1102 1088 istud
1141 1046 1362 1088 matrimo-

76 1106 199 1148 nium
238 1105 389 1148 fuisse:
434 1105 529 1161 quis
573 1107 723 1147 tamen
760 1106 954 1148 omnium
993 1105 1243 1148 mortalium
1280 1105 1363 1148 hoc

75 1165 239 1221 exigat,
269 1167 319 1207 ut
348 1164 505 1207 fortius
538 1179 647 1206 uxor
678 1179 809 1220 quam
840 1165 954 1207 filius
987 1164 1254 1207 vindicetur?

166 1222 237 1266 Sic
275 1237 356 1280 ego
395 1223 510 1266 hunc
551 1223 843 1275 defenderem,
882 1224 1062 1276 iudices,
1102 1224 1139 1265 si
1171 1223 1362 1266 occidere

73 1282 297 1326 noluisset.
338 1297 488 1325 rursus
515 1283 624 1325 mihi
650 1283 704 1325 ad
729 1283 771 1324 id
798 1283 1063 1325 redeundum
1089 1284 1173 1333 est,
1200 1297 1251 1324 ex
1277 1297 1361 1337 quo

75 1342 369 1385 defensionem
399 1342 527 1384 huius
553 1342 775 1398 ingressus
802 1357 909 1385 sum.
960 1342 1114 1397 ecquid
1139 1356 1216 1384 vos
1243 1342 1361 1397 cogi-

75 1401 181 1443 tatis
214 1403 421 1455 aetatem,
453 1400 605 1456 ecquid
638 1401 790 1443 videtis
823 1415 974 1455 annos,
1005 1400 1157 1458 ecquid
1193 1404 1360 1444 semoto

75 1460 153 1502 illo
191 1460 444 1515 nuptiarum
476 1459 608 1502 mimo
642 1462 771 1515 atque
802 1460 920 1502 inani
952 1459 1254 1502 tantummodo
1285 1475 1361 1503 no·

75 1519 191 1561 mine
216 1519 355 1561 virum
382 1533 474 1560 esse
502 1519 708 1574 cogitatis
736 1521 780 1561 et
805 1519 996 1574 dignum,
1028 1520 1101 1574 qui
1126 1519 1361 1572 abdicetur,

75 1578 191 1633 quod
223 1578 445 1620 hominem
469 1592 557 1620 non
584 1578 816 1620 occiderit?
858 1579 975 1621 itane
1001 1580 1049 1620 tu
1074 1581 1199 1633 pater
1219 1579 1358 1621 bonus

71 1652 138 1692 es,
183 1637 257 1692 qui
295 1637 476 1680 caritate
525 1636 607 1678 filii
655 1638 857 1693 neglecta
902 1638 1099 1680 imitatus
1146 1652 1190 1680 es
1233 1638 1358 1692 pueri

76 1696 375 1738 infirmitatem
420 1695 623 1738 adversus
657 1711 770 1752 eum,
810 1696 884 1752 qui
915 1697 966 1739 de
1000 1699 1149 1752 stupro
1181 1697 1263 1739 filii
1295 1697 1360 1739 tui

74 1758 118 1797 te
150 1755 371 1810 appellare
411 1770 540 1797 ausus
580 1757 665 1810 est,
704 1771 830 1811 quem
862 1757 1033 1811 punire,
1073 1756 1245 1798 etiamsi
1276 1757 1359 1799 tibi

72 1814 342 1856 moriendum
374 1817 507 1869 esset,
552 1814 771 1856 debuisti?
815 1819 863 1857 tu
894 1815 994 1858 huic
1024 1816 1241 1868 irasceris,
1285 1817 1359 1871 qui

73 1887 124 1914 ex
173 1874 339 1929 duobus
391 1873 598 1916 adulteris
645 1874 755 1916 nulli
805 1889 954 1917 eorum
997 1889 1077 1930 par
1123 1877 1232 1930 erat,
1285 1875 1358 1929 qui

73 1934 186 1974 certe
217 1932 439 1988 praestitit
463 1932 560 1984 tibi,
592 1935 802 1987 quantum
827 1933 1060 1988 plurimum
1086 1934 1242 1988 potuit.
1284 1934 1358 1976 diu

71 1993 265 2033 moratus
299 1994 382 2045 est,
420 1991 622 2033 detinuit:
661 1991 762 2034 dum
794 1993 977 2046 pecunia
1008 1992 1217 2048 adfertur,
1256 1992 1359 2035 dum

166 2111 189 2142 4
213 2106 347 2142 iudicis
372 2110 399 2141 Β
419 2107 430 2152 ΙΙ
450 2110 470 2142 5
498 2107 765 2152 concupiverat
788 2110 815 2141 B
841 2108 853 2152 ΙΙ
880 2112 923 2144 10
949 2109 1006 2144 est
1030 2119 1096 2144 om.
1124 2111 1154 2143 A
1171 2110 1184 2154 ΙΙ
1205 2113 1249 2144 14
1273 2119 1357 2155 par-

69 2153 142 2189 tim
166 2157 219 2188 Aa
237 2154 248 2199 ΙΙ
270 2158 313 2190 19
339 2165 383 2189 ex
409 2166 475 2190 om.
502 2158 529 2188 1³
553 2155 565 2198 n
590 2158 635 2189 20
661 2153 851 2200 ingressus
877 2168 959 2191 sum
984 2158 1064 2200 ΔΡ,
1095 2155 1267 2201 ingressu
1291 2159 1319 2190 B
1342 2156 1358 2203 Η

72 2211 160 2236 occe
185 2202 278 2246 quid
302 2205 366 2247 Aa,
393 2203 431 2237 et
455 2202 546 2246 quid
570 2202 722 2246 itemque
738 2205 902 2246 posteaB
921 2204 934 2247 ΙΙ
953 2207 997 2238 22
1013 2204 1116 2248 nupt.
1131 2202 1171 2238 in
1189 2215 1264 2239 uno
1278 2205 1356 2248 atq.

70 2250 99 2281 Β
116 2249 130 2292 u
148 2252 193 2283 25
218 2259 310 2293 puer
329 2252 415 2283 AaB
435 2250 447 2294 ΙΙ
466 2253 511 2284 26
530 2250 642 2293 tupro
662 2252 692 2283 Δ
710 2251 722 2295 ΙΙ
740 2252 785 2284 28
806 2250 917 2285 irasci
942 2253 969 2284 B
987 2251 1001 2295 ΙΙ
1021 2255 1064 2285 29
1085 2262 1136 2286 ex
1150 2251 1206 2295 (in
1224 2252 1356 2296 mary.)

72 2296 103 2327 A
120 2295 134 2339 ΙΙ
152 2305 278 2330 eorum
310 2297 407 2332 obelo
432 2300 537 2332 notat
561 2295 619 2331 Ro
638 2297 650 2340 ss
670 2300 715 2331 30
739 2297 921 2342 praestita
944 2300 971 2331 Β
991 2299 1002 2343 ΙΙ
1022 2302 1066 2333 31
1094 2299 1152 2333 est
1175 2309 1242 2334 om.
1269 2300 1356 2332 AaB

1391 464 1413 498 5

1393 762 1437 795 10

1391 1058 1434 1091 15

1388 1353 1433 1385 20

1384 1647 1430 1680 25

1384 1944 1430 1976 30
