<?xml version="1.0" encoding="UTF-8"?>
<!DOCTYPE html PUBLIC "-//W3C//DTD XHTML 1.0 Transitional//EN"
    "http://www.w3.org/TR/xhtml1/DTD/xhtml1-transitional.dtd">
<html xmlns="http://www.w3.org/1999/xhtml" xml:lang="en" lang="en">
 <head>
  <title>
</title>
<meta http-equiv="Content-Type" content="text/html;charset=utf-8" />
  <meta name='ocr-system' content='tesseract 3.04.00' />
  <meta name='ocr-capabilities' content='ocr_page ocr_carea ocr_par ocr_line ocrx_word'/>
</head>
<body>
  <div class='ocr_page' id='page_1' title='image "./declamationesqua00quinuoft_0307.png"; bbox 0 0 1604 2488; ppageno 0'>
   <div class='ocr_carea' id='block_1_1' title="bbox 395 107 1384 157">
    <p class='ocr_par' dir='ltr' id='par_1_1' title="bbox 395 107 1384 157">
     <span class='ocr_line' id='line_1_1' title="bbox 395 107 1384 157; baseline 0 0"><span class='ocrx_word' id='word_1_1' title='bbox 395 107 821 157; x_wconf 68' lang='lat' dir='ltr'><strong>DECLAMATIONES.</strong></span> <span class='ocrx_word' id='word_1_2' title='bbox 848 116 1068 155; x_wconf 82' lang='lat' dir='ltr'><strong>cccxxm.</strong></span> <span class='ocrx_word' id='word_1_3' title='bbox 1299 112 1384 157; x_wconf 82' lang='lat'><strong>271</strong></span> 
     </span>
    </p>
   </div>
   <div class='ocr_carea' id='block_1_2' title="bbox 94 200 1388 289">
    <p class='ocr_par' dir='ltr' id='par_1_2' title="bbox 94 200 1388 289">
     <span class='ocr_line' id='line_1_2' title="bbox 94 200 1388 289; baseline -0.006 -14"><span class='ocrx_word' id='word_1_4' title='bbox 94 200 299 289; x_wconf 60' lang='lat' dir='ltr'><strong>{reli-gioni</strong></span> <span class='ocrx_word' id='word_1_5' title='bbox 343 230 573 273; x_wconf 86' lang='lat' dir='ltr'><strong>admovere</strong></span> <span class='ocrx_word' id='word_1_6' title='bbox 617 242 748 272; x_wconf 87' lang='lat' dir='ltr'><strong>ausus</strong></span> <span class='ocrx_word' id='word_1_7' title='bbox 793 229 876 283; x_wconf 86' lang='lat' dir='ltr'><strong>est,</strong></span> <span class='ocrx_word' id='word_1_8' title='bbox 913 226 1131 270; x_wconf 73' lang='lat' dir='ltr'><strong>intellexit</strong></span> <span class='ocrx_word' id='word_1_9' title='bbox 1173 225 1259 268; x_wconf 86' lang='lat' dir='ltr'><strong>sibi</strong></span> <span class='ocrx_word' id='word_1_10' title='bbox 1300 239 1388 267; x_wconf 94' lang='lat' dir='ltr'><strong>non</strong></span> 
     </span>
    </p>
   </div>
   <div class='ocr_carea' id='block_1_3' title="bbox 95 284 1399 2127">
    <p class='ocr_par' dir='ltr' id='par_1_3' title="bbox 95 284 1395 1770">
     <span class='ocr_line' id='line_1_3' title="bbox 95 284 1387 342; baseline -0.007 -7"><span class='ocrx_word' id='word_1_11' title='bbox 95 305 192 335; x_wconf 71' lang='lat' dir='ltr'><strong>csse</strong></span> <span class='ocrx_word' id='word_1_12' title='bbox 221 290 387 334; x_wconf 88' lang='lat' dir='ltr'><strong>bellum</strong></span> <span class='ocrx_word' id='word_1_13' title='bbox 417 289 657 333; x_wconf 88' lang='lat' dir='ltr'><strong>nobiscum.</strong></span> <span class='ocrx_word' id='word_1_14' title='bbox 710 287 898 331; x_wconf 86' lang='lat' dir='ltr'><strong>libenter</strong></span> <span class='ocrx_word' id='word_1_15' title='bbox 928 285 1070 341; x_wconf 86' lang='lat' dir='ltr'><strong>audio,</strong></span> <span class='ocrx_word' id='word_1_16' title='bbox 1102 299 1212 342; x_wconf 85' lang='lat' dir='ltr'><strong>quae</strong></span> <span class='ocrx_word' id='word_1_17' title='bbox 1242 299 1296 327; x_wconf 87' lang='lat' dir='ltr'><strong>ex</strong></span> <span class='ocrx_word' id='word_1_18' title='bbox 1327 284 1387 326; x_wconf 90' lang='lat' dir='ltr'><strong>di-</strong></span> 
     </span>
     <span class='ocr_line' id='line_1_4' title="bbox 95 344 1388 406; baseline -0.006 -12"><span class='ocrx_word' id='word_1_19' title='bbox 95 365 226 395; x_wconf 60' lang='lat' dir='ltr'><strong>versa</strong></span> <span class='ocrx_word' id='word_1_20' title='bbox 254 352 380 406; x_wconf 87' lang='lat' dir='ltr'><strong>parte</strong></span> <span class='ocrx_word' id='word_1_21' title='bbox 413 349 632 392; x_wconf 85' lang='lat' dir='ltr'><strong>dicuntur:</strong></span> <span class='ocrx_word' id='word_1_22' title='bbox 669 348 847 403; x_wconf 79' lang='lat' dir='ltr'><strong>aegrum</strong></span> <span class='ocrx_word' id='word_1_23' title='bbox 879 345 1126 400; x_wconf 85' lang='lat' dir='ltr'><strong>exercitum,</strong></span> <span class='ocrx_word' id='word_1_24' title='bbox 1157 344 1388 401; x_wconf 71' lang='lat' dir='ltr'><strong>praecipiti</strong></span> 
     </span>
     <span class='ocr_line' id='line_1_5' title="bbox 97 403 1390 464; baseline -0.007 -10"><span class='ocrx_word' id='word_1_25' title='bbox 97 412 238 454; x_wconf 75' lang='lat' dir='ltr'><strong>morte</strong></span> <span class='ocrx_word' id='word_1_26' title='bbox 280 411 562 464; x_wconf 86' lang='lat' dir='ltr'><strong>consumptas</strong></span> <span class='ocrx_word' id='word_1_27' title='bbox 606 408 765 463; x_wconf 85' lang='lat' dir='ltr'><strong>copias.</strong></span> <span class='ocrx_word' id='word_1_28' title='bbox 841 405 938 462; x_wconf 91' lang='lat' dir='ltr'><strong>quis</strong></span> <span class='ocrx_word' id='word_1_29' title='bbox 983 405 1097 447; x_wconf 90' lang='lat' dir='ltr'><strong>enim</strong></span> <span class='ocrx_word' id='word_1_30' title='bbox 1140 419 1229 447; x_wconf 91' lang='lat' dir='ltr'><strong>non</strong></span> <span class='ocrx_word' id='word_1_31' title='bbox 1271 403 1390 446; x_wconf 86' lang='lat' dir='ltr'><strong>videt</strong></span> 
     </span>
     <span class='ocr_line' id='line_1_6' title="bbox 97 462 1387 522; baseline -0.005 -10"><span class='ocrx_word' id='word_1_32' title='bbox 97 469 248 513; x_wconf 83' lang='lat' dir='ltr'><strong>omnia</strong></span> <span class='ocrx_word' id='word_1_33' title='bbox 284 469 372 512; x_wconf 86' lang='lat' dir='ltr'><strong>ista</strong></span> <span class='ocrx_word' id='word_1_34' title='bbox 412 468 530 511; x_wconf 86' lang='lat' dir='ltr'><strong>facta</strong></span> <span class='ocrx_word' id='word_1_35' title='bbox 567 481 678 522; x_wconf 83' lang='lat' dir='ltr'><strong>esse,</strong></span> <span class='ocrx_word' id='word_1_36' title='bbox 721 469 771 509; x_wconf 89' lang='lat' dir='ltr'><strong>ut</strong></span> <span class='ocrx_word' id='word_1_37' title='bbox 807 479 956 508; x_wconf 86' lang='lat' dir='ltr'><strong>rursus</strong></span> <span class='ocrx_word' id='word_1_38' title='bbox 993 464 1211 520; x_wconf 89' lang='lat' dir='ltr'><strong>templum</strong></span> <span class='ocrx_word' id='word_1_39' title='bbox 1244 462 1387 506; x_wconf 78' lang='lat' dir='ltr'><strong>esset?</strong></span> 
     </span>
     <span class='ocr_line' id='line_1_7' title="bbox 96 522 1387 584; baseline -0.006 -12"><span class='ocrx_word' id='word_1_40' title='bbox 96 530 161 572; x_wconf 91' lang='lat' dir='ltr'><strong>ita</strong></span> <span class='ocrx_word' id='word_1_41' title='bbox 191 529 309 571; x_wconf 90' lang='lat' dir='ltr'><strong>illius</strong></span> <span class='ocrx_word' id='word_1_42' title='bbox 342 542 512 584; x_wconf 92' lang='lat' dir='ltr'><strong>quoque</strong></span> <span class='ocrx_word' id='word_1_43' title='bbox 544 525 750 570; x_wconf 87' lang='lat' dir='ltr'><strong>concitati</strong></span> <span class='ocrx_word' id='word_1_44' title='bbox 782 524 852 582; x_wconf 88' lang='lat' dir='ltr'><strong>(ut</strong></span> <span class='ocrx_word' id='word_1_45' title='bbox 883 522 1146 579; x_wconf 85' lang='lat' dir='ltr'><strong>audi&lt;s&gt;tis)</strong></span> <span class='ocrx_word' id='word_1_46' title='bbox 1173 538 1223 566; x_wconf 86' lang='lat' dir='ltr'><strong>ac</strong></span> <span class='ocrx_word' id='word_1_47' title='bbox 1253 525 1387 565; x_wconf 88' lang='lat' dir='ltr'><strong>teme-</strong></span> 
     </span>
     <span class='ocr_line' id='line_1_8' title="bbox 97 581 1389 632; baseline -0.005 -1"><span class='ocrx_word' id='word_1_48' title='bbox 97 588 202 632; x_wconf 90' lang='lat' dir='ltr'><strong>rarii</strong></span> <span class='ocrx_word' id='word_1_49' title='bbox 232 588 399 631; x_wconf 86' lang='lat' dir='ltr'><strong>iuvenis</strong></span> <span class='ocrx_word' id='word_1_50' title='bbox 432 590 576 629; x_wconf 87' lang='lat' dir='ltr'><strong>motus</strong></span> <span class='ocrx_word' id='word_1_51' title='bbox 609 588 675 630; x_wconf 85' lang='lat' dir='ltr'><strong>est</strong></span> <span class='ocrx_word' id='word_1_52' title='bbox 706 585 890 629; x_wconf 87' lang='lat' dir='ltr'><strong>animus.</strong></span> <span class='ocrx_word' id='word_1_53' title='bbox 954 583 1065 626; x_wconf 90' lang='lat' dir='ltr'><strong>vidit</strong></span> <span class='ocrx_word' id='word_1_54' title='bbox 1096 597 1185 626; x_wconf 91' lang='lat' dir='ltr'><strong>non</strong></span> <span class='ocrx_word' id='word_1_55' title='bbox 1215 581 1389 626; x_wconf 83' lang='lat' dir='ltr'>aliunde</span> 
     </span>
     <span class='ocr_line' id='line_1_9' title="bbox 97 641 1389 704; baseline -0.006 -13"><span class='ocrx_word' id='word_1_56' title='bbox 97 647 333 704; x_wconf 88' lang='lat' dir='ltr'><strong>petendum</strong></span> <span class='ocrx_word' id='word_1_57' title='bbox 378 661 489 702; x_wconf 88' lang='lat' dir='ltr'><strong>esse,</strong></span> <span class='ocrx_word' id='word_1_58' title='bbox 531 660 662 703; x_wconf 87' lang='lat' dir='ltr'><strong>quam</strong></span> <span class='ocrx_word' id='word_1_59' title='bbox 699 660 724 687; x_wconf 83' lang='lat' dir='ltr'><strong>a</strong></span> <span class='ocrx_word' id='word_1_60' title='bbox 762 643 826 688; x_wconf 87' lang='lat' dir='ltr'><strong>dis</strong></span> <span class='ocrx_word' id='word_1_61' title='bbox 863 642 1189 697; x_wconf 77' lang='lat' dir='ltr'><strong>inmortalibus,</strong></span> <span class='ocrx_word' id='word_1_62' title='bbox 1229 641 1389 698; x_wconf 87' lang='lat' dir='ltr'><strong>praesi-</strong></span> 
     </span>
     <span class='ocr_line' id='line_1_10' title="bbox 99 701 1390 762; baseline -0.007 -11"><span class='ocrx_word' id='word_1_63' title='bbox 99 707 230 751; x_wconf 89' lang='lat' dir='ltr'><strong>dium.</strong></span> <span class='ocrx_word' id='word_1_64' title='bbox 292 705 513 749; x_wconf 83' lang='lat' dir='ltr'><strong>oraculum</strong></span> <span class='ocrx_word' id='word_1_65' title='bbox 555 704 772 762; x_wconf 85' lang='lat' dir='ltr'><strong>poposcit:</strong></span> <span class='ocrx_word' id='word_1_66' title='bbox 818 718 927 760; x_wconf 90' lang='lat' dir='ltr'><strong>quae</strong></span> <span class='ocrx_word' id='word_1_67' title='bbox 964 701 1037 745; x_wconf 84' lang='lat' dir='ltr'><strong>hic</strong></span> <span class='ocrx_word' id='word_1_68' title='bbox 1075 702 1202 758; x_wconf 88' lang='lat' dir='ltr'><strong>culpa</strong></span> <span class='ocrx_word' id='word_1_69' title='bbox 1238 702 1390 744; x_wconf 85' lang='lat' dir='ltr'><strong>nostra</strong></span> 
     </span>
     <span class='ocr_line' id='line_1_11' title="bbox 100 759 1389 822; baseline -0.006 -12"><span class='ocrx_word' id='word_1_70' title='bbox 100 767 197 810; x_wconf 82' lang='lat' dir='ltr'><strong>est‘?</strong></span> <span class='ocrx_word' id='word_1_71' title='bbox 229 766 407 822; x_wconf 82' lang='lat' dir='ltr'><strong>accepit.</strong></span> <span class='ocrx_word' id='word_1_72' title='bbox 438 765 638 808; x_wconf 88' lang='lat' dir='ltr'><strong>videlicet</strong></span> <span class='ocrx_word' id='word_1_73' title='bbox 670 764 730 806; x_wconf 92' lang='lat' dir='ltr'><strong>dii</strong></span> <span class='ocrx_word' id='word_1_74' title='bbox 753 763 1009 805; x_wconf 87' lang='lat' dir='ltr'><strong>inmortales</strong></span> <span class='ocrx_word' id='word_1_75' title='bbox 1035 763 1084 804; x_wconf 92' lang='lat' dir='ltr'><strong>ut</strong></span> <span class='ocrx_word' id='word_1_76' title='bbox 1108 759 1389 818; x_wconf 72' lang='lat' dir='ltr'><strong>peccantibus</strong></span> 
     </span>
     <span class='ocr_line' id='line_1_12' title="bbox 97 820 1392 882; baseline -0.005 -13"><span class='ocrx_word' id='word_1_77' title='bbox 97 839 278 882; x_wconf 78' lang='lat' dir='ltr'><strong>graveS‚</strong></span> <span class='ocrx_word' id='word_1_78' title='bbox 319 825 383 868; x_wconf 78' lang='lat' dir='ltr'><strong>ita</strong></span> <span class='ocrx_word' id='word_1_79' title='bbox 427 823 799 868; x_wconf 73' lang='lat' dir='ltr'><strong>satisfacientibus</strong></span> <span class='ocrx_word' id='word_1_80' title='bbox 842 821 1006 866; x_wconf 79' lang='lat' dir='ltr'><strong>faciles,</strong></span> <span class='ocrx_word' id='word_1_81' title='bbox 1069 820 1106 863; x_wconf 89' lang='lat' dir='ltr'><strong>si</strong></span> <span class='ocrx_word' id='word_1_82' title='bbox 1148 820 1392 864; x_wconf 85' lang='lat' dir='ltr'><strong>noluissent</strong></span> 
     </span>
     <span class='ocr_line' id='line_1_13' title="bbox 99 879 1392 939; baseline -0.006 -11"><span class='ocrx_word' id='word_1_83' title='bbox 99 885 339 928; x_wconf 89' lang='lat' dir='ltr'><strong>remedium</strong></span> <span class='ocrx_word' id='word_1_84' title='bbox 376 884 442 927; x_wconf 90' lang='lat' dir='ltr'><strong>illi</strong></span> <span class='ocrx_word' id='word_1_85' title='bbox 478 883 756 939; x_wconf 81' lang='lat' dir='ltr'><strong>pestilentiae</strong></span> <span class='ocrx_word' id='word_1_86' title='bbox 794 881 1046 935; x_wconf 85' lang='lat' dir='ltr'><strong>concedere,</strong></span> <span class='ocrx_word' id='word_1_87' title='bbox 1082 895 1170 922; x_wconf 90' lang='lat' dir='ltr'><strong>non</strong></span> <span class='ocrx_word' id='word_1_88' title='bbox 1201 879 1392 921; x_wconf 86' lang='lat' dir='ltr'><strong>indicare</strong></span> 
     </span>
     <span class='ocr_line' id='line_1_14' title="bbox 98 937 1391 1001; baseline -0.006 -13"><span class='ocrx_word' id='word_1_89' title='bbox 98 946 348 1001; x_wconf 86' lang='lat' dir='ltr'><strong>potuerunt.</strong></span> <span class='ocrx_word' id='word_1_90' title='bbox 394 944 571 986; x_wconf 83' lang='lat' dir='ltr'><strong>restitui</strong></span> <span class='ocrx_word' id='word_1_91' title='bbox 601 943 765 985; x_wconf 87' lang='lat' dir='ltr'><strong>iussere</strong></span> <span class='ocrx_word' id='word_1_92' title='bbox 797 940 974 997; x_wconf 86' lang='lat' dir='ltr'><strong>templa.</strong></span> <span class='ocrx_word' id='word_1_93' title='bbox 1019 939 1186 996; x_wconf 85' lang='lat' dir='ltr'><strong>gratias</strong></span> <span class='ocrx_word' id='word_1_94' title='bbox 1218 937 1391 994; x_wconf 91' lang='lat' dir='ltr'><strong>publice</strong></span> 
     </span>
     <span class='ocr_line' id='line_1_15' title="bbox 99 998 1391 1059; baseline -0.004 -13"><span class='ocrx_word' id='word_1_95' title='bbox 99 1003 390 1059; x_wconf 86' lang='lat' dir='ltr'><strong>privatimqae</strong></span> <span class='ocrx_word' id='word_1_96' title='bbox 418 1015 616 1058; x_wconf 86' lang='lat' dir='ltr'><strong>agamus:</strong></span> <span class='ocrx_word' id='word_1_97' title='bbox 644 1000 840 1044; x_wconf 89' lang='lat' dir='ltr'><strong>dedicare</strong></span> <span class='ocrx_word' id='word_1_98' title='bbox 866 998 952 1056; x_wconf 88' lang='lat' dir='ltr'><strong>ipsi</strong></span> <span class='ocrx_word' id='word_1_99' title='bbox 976 1014 1063 1041; x_wconf 94' lang='lat' dir='ltr'><strong>non</strong></span> <span class='ocrx_word' id='word_1_100' title='bbox 1088 999 1391 1054; x_wconf 89' lang='lat' dir='ltr'><strong>permiserunt.</strong></span> 
     </span>
     <span class='ocr_line' id='line_1_16' title="bbox 102 1056 1393 1118; baseline -0.005 -12"><span class='ocrx_word' id='word_1_101' title='bbox 102 1062 290 1106; x_wconf 84' lang='lat' dir='ltr'><strong>divisum</strong></span> <span class='ocrx_word' id='word_1_102' title='bbox 326 1062 621 1118; x_wconf 86' lang='lat' dir='ltr'><strong>partitumque</strong></span> <span class='ocrx_word' id='word_1_103' title='bbox 658 1074 867 1115; x_wconf 89' lang='lat' dir='ltr'><strong>responso</strong></span> <span class='ocrx_word' id='word_1_104' title='bbox 901 1062 978 1114; x_wconf 84' lang='lat' dir='ltr'><strong>est,</strong></span> <span class='ocrx_word' id='word_1_105' title='bbox 1011 1059 1112 1114; x_wconf 89' lang='lat' dir='ltr'><strong>quid</strong></span> <span class='ocrx_word' id='word_1_106' title='bbox 1144 1056 1393 1100; x_wconf 85' lang='lat' dir='ltr'><strong>Alexander</strong></span> 
     </span>
     <span class='ocr_line' id='line_1_17' title="bbox 99 1116 1392 1176; baseline -0.005 -11"><span class='ocrx_word' id='word_1_107' title='bbox 99 1123 242 1165; x_wconf 82' lang='lat' dir='ltr'><strong>facere</strong></span> <span class='ocrx_word' id='word_1_108' title='bbox 280 1121 475 1173; x_wconf 84' lang='lat' dir='ltr'><strong>deberet,</strong></span> <span class='ocrx_word' id='word_1_109' title='bbox 521 1120 623 1176; x_wconf 88' lang='lat' dir='ltr'><strong>quid</strong></span> <span class='ocrx_word' id='word_1_110' title='bbox 660 1134 751 1162; x_wconf 85' lang='lat' dir='ltr'><strong>nos.</strong></span> <span class='ocrx_word' id='word_1_111' title='bbox 812 1119 887 1161; x_wconf 88' lang='lat' dir='ltr'><strong>ille</strong></span> <span class='ocrx_word' id='word_1_112' title='bbox 921 1118 1036 1174; x_wconf 91' lang='lat' dir='ltr'><strong>quod</strong></span> <span class='ocrx_word' id='word_1_113' title='bbox 1067 1117 1235 1172; x_wconf 86' lang='lat' dir='ltr'><strong>debuit,</strong></span> <span class='ocrx_word' id='word_1_114' title='bbox 1271 1116 1392 1159; x_wconf 88' lang='lat' dir='ltr'><strong>fecit:</strong></span> 
     </span>
     <span class='ocr_line' id='line_1_18' title="bbox 101 1176 1395 1236; baseline -0.005 -12"><span class='ocrx_word' id='word_1_115' title='bbox 101 1181 315 1236; x_wconf 86' lang='lat' dir='ltr'><strong>templum</strong></span> <span class='ocrx_word' id='word_1_116' title='bbox 347 1180 584 1236; x_wconf 84' lang='lat' dir='ltr'><strong>speciosius</strong></span> <span class='ocrx_word' id='word_1_117' title='bbox 615 1194 746 1235; x_wconf 89' lang='lat' dir='ltr'><strong>quam</strong></span> <span class='ocrx_word' id='word_1_118' title='bbox 777 1178 919 1220; x_wconf 86' lang='lat' dir='ltr'><strong>fuerat</strong></span> <span class='ocrx_word' id='word_1_119' title='bbox 951 1181 994 1220; x_wconf 93' lang='lat' dir='ltr'><strong>et</strong></span> <span class='ocrx_word' id='word_1_120' title='bbox 1020 1177 1177 1220; x_wconf 88' lang='lat' dir='ltr'><strong>cultius</strong></span> <span class='ocrx_word' id='word_1_121' title='bbox 1204 1176 1395 1219; x_wconf 84' lang='lat' dir='ltr'><strong>extruxit</strong></span> 
     </span>
     <span class='ocr_line' id='line_1_19' title="bbox 105 1238 1394 1295; baseline -0.005 -12"><span class='ocrx_word' id='word_1_122' title='bbox 105 1240 250 1283; x_wconf 85' lang='lat' dir='ltr'><strong>animo</strong></span> <span class='ocrx_word' id='word_1_123' title='bbox 287 1240 406 1295; x_wconf 88' lang='lat' dir='ltr'><strong>regis</strong></span> <span class='ocrx_word' id='word_1_124' title='bbox 443 1239 749 1295; x_wconf 84' lang='lat' dir='ltr'><strong>periclitantis:</strong></span> <span class='ocrx_word' id='word_1_125' title='bbox 787 1240 935 1293; x_wconf 85' lang='lat' dir='ltr'><strong>partes</strong></span> <span class='ocrx_word' id='word_1_126' title='bbox 976 1238 1230 1292; x_wconf 87' lang='lat' dir='ltr'><strong>supererant</strong></span> <span class='ocrx_word' id='word_1_127' title='bbox 1261 1249 1394 1277; x_wconf 87' lang='lat' dir='ltr'><strong>meae.</strong></span> 
     </span>
     <span class='ocr_line' id='line_1_20' title="bbox 105 1293 1393 1352; baseline -0.005 -10"><span class='ocrx_word' id='word_1_128' title='bbox 105 1312 262 1342; x_wconf 85' lang='lat' dir='ltr'><strong>excuso</strong></span> <span class='ocrx_word' id='word_1_129' title='bbox 294 1313 364 1341; x_wconf 90' lang='lat' dir='ltr'><strong>me</strong></span> <span class='ocrx_word' id='word_1_130' title='bbox 394 1298 538 1352; x_wconf 77' lang='lat' dir='ltr'><strong>vobis,</strong></span> <span class='ocrx_word' id='word_1_131' title='bbox 579 1298 638 1339; x_wconf 91' lang='lat' dir='ltr'><strong>dii</strong></span> <span class='ocrx_word' id='word_1_132' title='bbox 669 1297 943 1352; x_wconf 86' lang='lat' dir='ltr'><strong>inmortales,</strong></span> <span class='ocrx_word' id='word_1_133' title='bbox 975 1295 1089 1352; x_wconf 88' lang='lat' dir='ltr'><strong>quod</strong></span> <span class='ocrx_word' id='word_1_134' title='bbox 1121 1309 1209 1337; x_wconf 92' lang='lat' dir='ltr'><strong>non</strong></span> <span class='ocrx_word' id='word_1_135' title='bbox 1242 1293 1393 1337; x_wconf 86' lang='lat' dir='ltr'><strong>statim</strong></span> 
     </span>
     <span class='ocr_line' id='line_1_21' title="bbox 103 1354 1393 1401; baseline -0.005 0"><span class='ocrx_word' id='word_1_136' title='bbox 103 1358 157 1401; x_wconf 88' lang='lat' dir='ltr'><strong>ad</strong></span> <span class='ocrx_word' id='word_1_137' title='bbox 193 1358 490 1401; x_wconf 88' lang='lat' dir='ltr'><strong>condicionem</strong></span> <span class='ocrx_word' id='word_1_138' title='bbox 522 1357 806 1399; x_wconf 88' lang='lat' dir='ltr'><strong>dedicationis</strong></span> <span class='ocrx_word' id='word_1_139' title='bbox 840 1357 1014 1398; x_wconf 86' lang='lat' dir='ltr'><strong>accessi.</strong></span> <span class='ocrx_word' id='word_1_140' title='bbox 1074 1354 1156 1397; x_wconf 91' lang='lat' dir='ltr'><strong>hoc</strong></span> <span class='ocrx_word' id='word_1_141' title='bbox 1189 1355 1302 1396; x_wconf 89' lang='lat' dir='ltr'><strong>enim</strong></span> <span class='ocrx_word' id='word_1_142' title='bbox 1342 1368 1393 1395; x_wconf 89' lang='lat' dir='ltr'><strong>ex</strong></span> 
     </span>
     <span class='ocr_line' id='line_1_22' title="bbox 102 1413 1394 1474; baseline -0.005 -13"><span class='ocrx_word' id='word_1_143' title='bbox 102 1432 315 1474; x_wconf 86' lang='lat' dir='ltr'><strong>responso</strong></span> <span class='ocrx_word' id='word_1_144' title='bbox 355 1420 400 1460; x_wconf 83' lang='lat' dir='ltr'><strong>et</strong></span> <span class='ocrx_word' id='word_1_145' title='bbox 436 1417 681 1460; x_wconf 86' lang='lat' dir='ltr'><strong>Alexandro</strong></span> <span class='ocrx_word' id='word_1_146' title='bbox 721 1416 827 1458; x_wconf 84' lang='lat' dir='ltr'><strong>satis</strong></span> <span class='ocrx_word' id='word_1_147' title='bbox 866 1418 978 1470; x_wconf 86' lang='lat' dir='ltr'><strong>erat,</strong></span> <span class='ocrx_word' id='word_1_148' title='bbox 1022 1414 1136 1470; x_wconf 90' lang='lat' dir='ltr'><strong>quod</strong></span> <span class='ocrx_word' id='word_1_149' title='bbox 1173 1413 1394 1469; x_wconf 87' lang='lat' dir='ltr'><strong>permitte-</strong></span> 
     </span>
     <span class='ocr_line' id='line_1_23' title="bbox 104 1472 1395 1534; baseline -0.005 -14"><span class='ocrx_word' id='word_1_150' title='bbox 104 1477 267 1531; x_wconf 88' lang='lat' dir='ltr'><strong>ba[n]t.</strong></span> <span class='ocrx_word' id='word_1_151' title='bbox 343 1490 422 1532; x_wconf 88' lang='lat' dir='ltr'><strong>ego</strong></span> <span class='ocrx_word' id='word_1_152' title='bbox 460 1476 740 1519; x_wconf 89' lang='lat' dir='ltr'><strong>nihilominus</strong></span> <span class='ocrx_word' id='word_1_153' title='bbox 782 1488 943 1534; x_wconf 76' lang='lat' dir='ltr'><strong>magna</strong></span> <span class='ocrx_word' id='word_1_154' title='bbox 986 1473 1179 1516; x_wconf 85' lang='lat' dir='ltr'><strong>mercede</strong></span> <span class='ocrx_word' id='word_1_155' title='bbox 1224 1472 1395 1527; x_wconf 89' lang='lat' dir='ltr'><strong>suscepi</strong></span> 
     </span>
     <span class='ocr_line' id='line_1_24' title="bbox 106 1533 1394 1591; baseline -0.005 -12"><span class='ocrx_word' id='word_1_156' title='bbox 106 1537 191 1580; x_wconf 92' lang='lat' dir='ltr'><strong>hoc</strong></span> <span class='ocrx_word' id='word_1_157' title='bbox 222 1535 433 1579; x_wconf 86' lang='lat' dir='ltr'><strong>officium:</strong></span> <span class='ocrx_word' id='word_1_158' title='bbox 465 1550 617 1591; x_wconf 86' lang='lat' dir='ltr'><strong>pacem</strong></span> <span class='ocrx_word' id='word_1_159' title='bbox 643 1535 834 1590; x_wconf 89' lang='lat' dir='ltr'><strong>poposci.</strong></span> <span class='ocrx_word' id='word_1_160' title='bbox 872 1533 1114 1589; x_wconf 88' lang='lat' dir='ltr'><strong>impetravi.</strong></span> <span class='ocrx_word' id='word_1_161' title='bbox 1158 1533 1296 1574; x_wconf 88' lang='lat' dir='ltr'><strong>veluti</strong></span> <span class='ocrx_word' id='word_1_162' title='bbox 1320 1547 1394 1574; x_wconf 89' lang='lat' dir='ltr'><strong>ore</strong></span> 
     </span>
     <span class='ocr_line' id='line_1_25' title="bbox 106 1591 1394 1652; baseline -0.005 -12"><span class='ocrx_word' id='word_1_163' title='bbox 106 1596 246 1652; x_wconf 83' lang='lat' dir='ltr'><strong>ipsius</strong></span> <span class='ocrx_word' id='word_1_164' title='bbox 278 1595 348 1639; x_wconf 88' lang='lat' dir='ltr'><strong>dei</strong></span> <span class='ocrx_word' id='word_1_165' title='bbox 379 1595 522 1638; x_wconf 89' lang='lat' dir='ltr'><strong>iussus</strong></span> <span class='ocrx_word' id='word_1_166' title='bbox 555 1594 766 1650; x_wconf 87' lang='lat' dir='ltr'><strong>promisit,</strong></span> <span class='ocrx_word' id='word_1_167' title='bbox 797 1593 1031 1648; x_wconf 82' lang='lat' dir='ltr'><strong>praestitit.</strong></span> <span class='ocrx_word' id='word_1_168' title='bbox 1080 1592 1187 1635; x_wconf 83' lang='lat' dir='ltr'><strong>haec</strong></span> <span class='ocrx_word' id='word_1_169' title='bbox 1220 1594 1286 1634; x_wconf 87' lang='lat' dir='ltr'><strong>est</strong></span> <span class='ocrx_word' id='word_1_170' title='bbox 1317 1591 1394 1634; x_wconf 88' lang='lat' dir='ltr'><strong>cri-</strong></span> 
     </span>
     <span class='ocr_line' id='line_1_26' title="bbox 105 1651 1394 1710; baseline -0.005 -11"><span class='ocrx_word' id='word_1_171' title='bbox 105 1656 273 1699; x_wconf 88' lang='lat' dir='ltr'><strong>minum</strong></span> <span class='ocrx_word' id='word_1_172' title='bbox 298 1669 506 1710; x_wconf 88' lang='lat' dir='ltr'><strong>meorum,</strong></span> <span class='ocrx_word' id='word_1_173' title='bbox 537 1654 710 1708; x_wconf 87' lang='lat' dir='ltr'><strong>iudices,</strong></span> <span class='ocrx_word' id='word_1_174' title='bbox 736 1667 923 1695; x_wconf 90' lang='lat' dir='ltr'><strong>summa:</strong></span> <span class='ocrx_word' id='word_1_175' title='bbox 957 1656 1000 1695; x_wconf 84' lang='lat' dir='ltr'><strong>et</strong></span> <span class='ocrx_word' id='word_1_176' title='bbox 1026 1652 1237 1707; x_wconf 86' lang='lat' dir='ltr'><strong>templum</strong></span> <span class='ocrx_word' id='word_1_177' title='bbox 1262 1651 1394 1694; x_wconf 87' lang='lat' dir='ltr'><strong>habe-</strong></span> 
     </span>
     <span class='ocr_line' id='line_1_27' title="bbox 107 1712 1144 1770; baseline -0.005 -11"><span class='ocrx_word' id='word_1_178' title='bbox 107 1729 205 1759; x_wconf 85' lang='lat' dir='ltr'><strong>mus</strong></span> <span class='ocrx_word' id='word_1_179' title='bbox 238 1717 282 1758; x_wconf 88' lang='lat' dir='ltr'><strong>et</strong></span> <span class='ocrx_word' id='word_1_180' title='bbox 312 1728 478 1770; x_wconf 89' lang='lat' dir='ltr'><strong>pacem.</strong></span> <span class='ocrx_word' id='word_1_181' title='bbox 520 1714 638 1756; x_wconf 85' lang='lat' dir='ltr'><strong>hosti</strong></span> <span class='ocrx_word' id='word_1_182' title='bbox 670 1727 796 1768; x_wconf 89' lang='lat' dir='ltr'><strong>opem</strong></span> <span class='ocrx_word' id='word_1_183' title='bbox 828 1712 983 1756; x_wconf 85' lang='lat' dir='ltr'><strong>tulisse</strong></span> <span class='ocrx_word' id='word_1_184' title='bbox 1014 1712 1144 1754; x_wconf 88' lang='lat' dir='ltr'><strong>dicor.</strong></span> 
     </span>
    </p>

    <p class='ocr_par' dir='ltr' id='par_1_4' title="bbox 103 1770 1399 2127">
     <span class='ocr_line' id='line_1_28' title="bbox 192 1770 1394 1826; baseline -0.005 -8"><span class='ocrx_word' id='word_1_185' title='bbox 192 1773 399 1819; x_wconf 88' lang='lat' dir='ltr'><strong>Nondum</strong></span> <span class='ocrx_word' id='word_1_186' title='bbox 424 1788 576 1816; x_wconf 86' lang='lat' dir='ltr'><strong>causas</strong></span> <span class='ocrx_word' id='word_1_187' title='bbox 608 1773 714 1816; x_wconf 88' lang='lat' dir='ltr'><strong>facti</strong></span> <span class='ocrx_word' id='word_1_188' title='bbox 746 1772 832 1815; x_wconf 92' lang='lat' dir='ltr'><strong>mei</strong></span> <span class='ocrx_word' id='word_1_189' title='bbox 862 1771 1007 1826; x_wconf 89' lang='lat' dir='ltr'><strong>reddo,</strong></span> <span class='ocrx_word' id='word_1_190' title='bbox 1036 1771 1231 1814; x_wconf 91' lang='lat' dir='ltr'><strong>nondum</strong></span> <span class='ocrx_word' id='word_1_191' title='bbox 1261 1770 1394 1812; x_wconf 86' lang='lat' dir='ltr'><strong>ratio-</strong></span> 
     </span>
     <span class='ocr_line' id='line_1_29' title="bbox 103 1829 1395 1890; baseline -0.005 -12"><span class='ocrx_word' id='word_1_192' title='bbox 103 1848 204 1878; x_wconf 81' lang='lat' dir='ltr'><strong>nem</strong></span> <span class='ocrx_word' id='word_1_193' title='bbox 234 1833 345 1890; x_wconf 84' lang='lat' dir='ltr'><strong>legis</strong></span> <span class='ocrx_word' id='word_1_194' title='bbox 376 1833 515 1890; x_wconf 86' lang='lat' dir='ltr'><strong>ipsius</strong></span> <span class='ocrx_word' id='word_1_195' title='bbox 547 1832 737 1876; x_wconf 86' lang='lat' dir='ltr'><strong>excutio:</strong></span> <span class='ocrx_word' id='word_1_196' title='bbox 769 1831 958 1886; x_wconf 84' lang='lat' dir='ltr'><strong>interim,</strong></span> <span class='ocrx_word' id='word_1_197' title='bbox 989 1831 1092 1885; x_wconf 86' lang='lat' dir='ltr'><strong>quid</strong></span> <span class='ocrx_word' id='word_1_198' title='bbox 1123 1845 1202 1873; x_wconf 83' lang='lat' dir='ltr'><strong>vos</strong></span> <span class='ocrx_word' id='word_1_199' title='bbox 1227 1829 1395 1884; x_wconf 82' lang='lat' dir='ltr'><strong>putatis</strong></span> 
     </span>
     <span class='ocr_line' id='line_1_30' title="bbox 106 1884 1399 1949; baseline -0.005 -13"><span class='ocrx_word' id='word_1_200' title='bbox 106 1908 233 1949; x_wconf 89' lang='lat' dir='ltr'><strong>opem</strong></span> <span class='ocrx_word' id='word_1_201' title='bbox 257 1893 399 1935; x_wconf 75' lang='lat' dir='ltr'><strong>ferre?</strong></span> <span class='ocrx_word' id='word_1_202' title='bbox 425 1907 562 1947; x_wconf 90' lang='lat' dir='ltr'><strong>neque</strong></span> <span class='ocrx_word' id='word_1_203' title='bbox 592 1892 706 1933; x_wconf 88' lang='lat' dir='ltr'><strong>enim</strong></span> <span class='ocrx_word' id='word_1_204' title='bbox 726 1890 770 1932; x_wconf 88' lang='lat' dir='ltr'><strong>id</strong></span> <span class='ocrx_word' id='word_1_205' title='bbox 791 1891 931 1934; x_wconf 91' lang='lat' dir='ltr'><strong>solum</strong></span> <span class='ocrx_word' id='word_1_206' title='bbox 946 1890 1168 1945; x_wconf 84' lang='lat' dir='ltr'><strong>quaeritur</strong></span> <span class='ocrx_word' id='word_1_207' title='bbox 1187 1889 1267 1930; x_wconf 87' lang='lat' dir='ltr'><strong>hac</strong></span> <span class='ocrx_word' id='word_1_208' title='bbox 1286 1884 1399 1944; x_wconf 75' lang='lat' dir='ltr'><strong>lege,</strong></span> 
     </span>
     <span class='ocr_line' id='line_1_31' title="bbox 108 1947 1395 2007; baseline -0.006 -11"><span class='ocrx_word' id='word_1_209' title='bbox 108 1966 164 1996; x_wconf 84' lang='lat' dir='ltr'><strong>an</strong></span> <span class='ocrx_word' id='word_1_210' title='bbox 195 1951 355 2007; x_wconf 89' lang='lat' dir='ltr'><strong>aliquis</strong></span> <span class='ocrx_word' id='word_1_211' title='bbox 385 1951 504 1994; x_wconf 88' lang='lat' dir='ltr'><strong>hosti</strong></span> <span class='ocrx_word' id='word_1_212' title='bbox 535 1950 762 2006; x_wconf 85' lang='lat' dir='ltr'><strong>profuerit.</strong></span> <span class='ocrx_word' id='word_1_213' title='bbox 803 1950 943 1992; x_wconf 88' lang='lat' dir='ltr'><strong>multa</strong></span> <span class='ocrx_word' id='word_1_214' title='bbox 976 1949 1101 2003; x_wconf 87' lang='lat' dir='ltr'><strong>enim,</strong></span> <span class='ocrx_word' id='word_1_215' title='bbox 1134 1962 1242 2003; x_wconf 89' lang='lat' dir='ltr'><strong>quae</strong></span> <span class='ocrx_word' id='word_1_216' title='bbox 1268 1947 1395 1989; x_wconf 80' lang='lat' dir='ltr'><strong>utilia</strong></span> 
     </span>
     <span class='ocr_line' id='line_1_32' title="bbox 109 2006 1396 2065; baseline -0.005 -10"><span class='ocrx_word' id='word_1_217' title='bbox 109 2014 211 2055; x_wconf 88' lang='lat' dir='ltr'><strong>sunt</strong></span> <span class='ocrx_word' id='word_1_218' title='bbox 240 2010 370 2065; x_wconf 90' lang='lat' dir='ltr'><strong>hosti,</strong></span> <span class='ocrx_word' id='word_1_219' title='bbox 404 2012 448 2052; x_wconf 88' lang='lat' dir='ltr'><strong>et</strong></span> <span class='ocrx_word' id='word_1_220' title='bbox 478 2010 606 2052; x_wconf 87' lang='lat' dir='ltr'><strong>inviti</strong></span> <span class='ocrx_word' id='word_1_221' title='bbox 639 2012 683 2051; x_wconf 87' lang='lat' dir='ltr'><strong>et</strong></span> <span class='ocrx_word' id='word_1_222' title='bbox 713 2008 993 2064; x_wconf 87' lang='lat' dir='ltr'><strong>inprudentes</strong></span> <span class='ocrx_word' id='word_1_223' title='bbox 1025 2007 1223 2050; x_wconf 88' lang='lat' dir='ltr'><strong>facimus.</strong></span> <span class='ocrx_word' id='word_1_224' title='bbox 1282 2006 1396 2048; x_wconf 89' lang='lat' dir='ltr'><strong>ideo-</strong></span> 
     </span>
     <span class='ocr_line' id='line_1_33' title="bbox 107 2067 1395 2127; baseline -0.005 -13"><span class='ocrx_word' id='word_1_225' title='bbox 107 2085 188 2127; x_wconf 86' lang='lat' dir='ltr'><strong>que</strong></span> <span class='ocrx_word' id='word_1_226' title='bbox 219 2070 324 2113; x_wconf 84' lang='lat' dir='ltr'><strong>haec</strong></span> <span class='ocrx_word' id='word_1_227' title='bbox 361 2084 450 2112; x_wconf 89' lang='lat' dir='ltr'><strong>non</strong></span> <span class='ocrx_word' id='word_1_228' title='bbox 481 2068 707 2124; x_wconf 85' lang='lat' dir='ltr'><strong>complexa</strong></span> <span class='ocrx_word' id='word_1_229' title='bbox 738 2068 807 2110; x_wconf 86' lang='lat' dir='ltr'><strong>lex</strong></span> <span class='ocrx_word' id='word_1_230' title='bbox 839 2070 923 2122; x_wconf 88' lang='lat' dir='ltr'><strong>est,</strong></span> <span class='ocrx_word' id='word_1_231' title='bbox 956 2067 1030 2110; x_wconf 88' lang='lat' dir='ltr'><strong>sed</strong></span> <span class='ocrx_word' id='word_1_232' title='bbox 1062 2067 1265 2110; x_wconf 83' lang='lat' dir='ltr'><strong>adversus</strong></span> <span class='ocrx_word' id='word_1_233' title='bbox 1298 2081 1395 2108; x_wconf 91' lang='lat' dir='ltr'><strong>eum</strong></span> 
     </span>
    </p>
   </div>
   <div class='ocr_carea' id='block_1_4' title="bbox 106 2171 1396 2362">
    <p class='ocr_par' dir='ltr' id='par_1_5' title="bbox 106 2171 1396 2362">
     <span class='ocr_line' id='line_1_34' title="bbox 202 2171 1396 2220; baseline -0.006 -8"><span class='ocrx_word' id='word_1_234' title='bbox 202 2178 224 2211; x_wconf 78' lang='lat'>2</span> <span class='ocrx_word' id='word_1_235' title='bbox 249 2174 405 2211; x_wconf 82' lang='lat' dir='ltr'><strong>liberter</strong></span> <span class='ocrx_word' id='word_1_236' title='bbox 430 2177 484 2208; x_wconf 78' lang='lat' dir='ltr'><strong>Aa</strong></span> <span class='ocrx_word' id='word_1_237' title='bbox 501 2175 514 2220; x_wconf 78' lang='lat' dir='ltr'>ss</span> <span class='ocrx_word' id='word_1_238' title='bbox 533 2178 553 2209; x_wconf 89' lang='lat'><strong>3</strong></span> <span class='ocrx_word' id='word_1_239' title='bbox 580 2173 787 2219; x_wconf 82' lang='lat' dir='ltr'><strong>praecipite</strong></span> <span class='ocrx_word' id='word_1_240' title='bbox 812 2175 838 2206; x_wconf 82' lang='lat' dir='ltr'>B</span> <span class='ocrx_word' id='word_1_241' title='bbox 857 2173 871 2218; x_wconf 79' lang='grc' dir='ltr'><strong>ΙΙ</strong></span> <span class='ocrx_word' id='word_1_242' title='bbox 889 2177 910 2208; x_wconf 90' lang='grc'><strong>6</strong></span> <span class='ocrx_word' id='word_1_243' title='bbox 937 2171 1150 2219; x_wconf 83' lang='lat' dir='ltr'><strong>audi&lt;s&gt;tis</strong></span> <span class='ocrx_word' id='word_1_244' title='bbox 1169 2171 1227 2207; x_wconf 83' lang='lat' dir='ltr'><strong>Ro</strong></span> <span class='ocrx_word' id='word_1_245' title='bbox 1246 2172 1258 2216; x_wconf 80' lang='lat' dir='ltr'>ss</span> <span class='ocrx_word' id='word_1_246' title='bbox 1277 2175 1299 2206; x_wconf 88' lang='lat'>8</span> <span class='ocrx_word' id='word_1_247' title='bbox 1325 2171 1396 2206; x_wconf 88' lang='lat' dir='ltr'><strong>diis</strong></span> 
     </span>
     <span class='ocr_line' id='line_1_35' title="bbox 106 2218 1395 2269; baseline -0.004 -11"><span class='ocrx_word' id='word_1_248' title='bbox 106 2225 134 2257; x_wconf 77' lang='lat' dir='ltr'>B</span> <span class='ocrx_word' id='word_1_249' title='bbox 162 2223 175 2269; x_wconf 81' lang='grc' dir='ltr'><strong>ΙΙ</strong></span> <span class='ocrx_word' id='word_1_250' title='bbox 206 2226 250 2258; x_wconf 87' lang='grc'><strong>10</strong></span> <span class='ocrx_word' id='word_1_251' title='bbox 278 2227 319 2258; x_wconf 85' lang='grc' dir='ltr'>Ν</span> <span class='ocrx_word' id='word_1_252' title='bbox 349 2225 380 2257; x_wconf 79' lang='grc' dir='ltr'><strong>Δ</strong></span> <span class='ocrx_word' id='word_1_253' title='bbox 407 2223 420 2268; x_wconf 78' lang='grc' dir='ltr'><strong>ΙΙ</strong></span> <span class='ocrx_word' id='word_1_254' title='bbox 450 2226 493 2258; x_wconf 85' lang='grc'><strong>15</strong></span> <span class='ocrx_word' id='word_1_255' title='bbox 520 2221 689 2257; x_wconf 85' lang='lat' dir='ltr'><strong>devisum</strong></span> <span class='ocrx_word' id='word_1_256' title='bbox 714 2222 745 2254; x_wconf 77' lang='lat' dir='ltr'>A</span> <span class='ocrx_word' id='word_1_257' title='bbox 763 2220 775 2265; x_wconf 84' lang='grc'><strong>11</strong></span> <span class='ocrx_word' id='word_1_258' title='bbox 794 2220 1006 2266; x_wconf 80' lang='lat' dir='ltr'><strong>partimque</strong></span> <span class='ocrx_word' id='word_1_259' title='bbox 1033 2222 1086 2254; x_wconf 82' lang='lat' dir='ltr'><strong>Aa</strong></span> <span class='ocrx_word' id='word_1_260' title='bbox 1105 2220 1117 2265; x_wconf 75' lang='grc' dir='ltr'><strong>ΙΙ</strong></span> <span class='ocrx_word' id='word_1_261' title='bbox 1139 2223 1180 2255; x_wconf 82' lang='grc'><strong>17</strong></span> <span class='ocrx_word' id='word_1_262' title='bbox 1208 2218 1395 2265; x_wconf 83' lang='lat' dir='ltr'><strong>speciosus</strong></span> 
     </span>
     <span class='ocr_line' id='line_1_36' title="bbox 107 2266 1395 2316; baseline -0.003 -12"><span class='ocrx_word' id='word_1_263' title='bbox 107 2272 161 2304; x_wconf 73' lang='lat' dir='ltr'><strong>Ab</strong></span> <span class='ocrx_word' id='word_1_264' title='bbox 178 2271 193 2316; x_wconf 72' lang='lat' dir='ltr'>u</span> <span class='ocrx_word' id='word_1_265' title='bbox 213 2274 256 2306; x_wconf 79' lang='lat'><strong>19</strong></span> <span class='ocrx_word' id='word_1_266' title='bbox 284 2269 323 2304; x_wconf 89' lang='lat' dir='ltr'><strong>di</strong></span> <span class='ocrx_word' id='word_1_267' title='bbox 347 2273 400 2304; x_wconf 78' lang='lat' dir='ltr'><strong>Ab</strong></span> <span class='ocrx_word' id='word_1_268' title='bbox 419 2271 432 2315; x_wconf 76' lang='lat' dir='ltr'>ss</span> <span class='ocrx_word' id='word_1_269' title='bbox 451 2273 497 2305; x_wconf 83' lang='lat'><strong>20</strong></span> <span class='ocrx_word' id='word_1_270' title='bbox 524 2268 623 2304; x_wconf 86' lang='lat' dir='ltr'><strong>enim</strong></span> <span class='ocrx_word' id='word_1_271' title='bbox 651 2279 716 2303; x_wconf 84' lang='lat' dir='ltr'><strong>om.</strong></span> <span class='ocrx_word' id='word_1_272' title='bbox 738 2270 790 2302; x_wconf 78' lang='lat' dir='ltr'><strong>Aa</strong></span> <span class='ocrx_word' id='word_1_273' title='bbox 809 2269 820 2312; x_wconf 88' lang='grc' dir='ltr'><strong>ΙΙ</strong></span> <span class='ocrx_word' id='word_1_274' title='bbox 840 2272 883 2303; x_wconf 83' lang='grc'><strong>21</strong></span> <span class='ocrx_word' id='word_1_275' title='bbox 910 2267 1218 2314; x_wconf 83' lang='lat' dir='ltr'><strong>permitteba[n]t</strong></span> <span class='ocrx_word' id='word_1_276' title='bbox 1245 2266 1300 2302; x_wconf 80' lang='lat' dir='ltr'><strong>Gr</strong></span> <span class='ocrx_word' id='word_1_277' title='bbox 1319 2268 1330 2311; x_wconf 75' lang='grc' dir='ltr'><strong>ΙΙ</strong></span> <span class='ocrx_word' id='word_1_278' title='bbox 1350 2269 1395 2300; x_wconf 83' lang='grc'><strong>26</strong></span> 
     </span>
     <span class='ocr_line' id='line_1_37' title="bbox 110 2315 805 2362; baseline -0.001 -10"><span class='ocrx_word' id='word_1_279' title='bbox 110 2317 223 2352; x_wconf 87' lang='lat' dir='ltr'><strong>decor</strong></span> <span class='ocrx_word' id='word_1_280' title='bbox 248 2320 301 2351; x_wconf 75' lang='lat' dir='ltr'><strong>Aa</strong></span> <span class='ocrx_word' id='word_1_281' title='bbox 319 2317 332 2362; x_wconf 77' lang='lat' dir='ltr'>u</span> <span class='ocrx_word' id='word_1_282' title='bbox 351 2321 394 2353; x_wconf 84' lang='lat'><strong>32</strong></span> <span class='ocrx_word' id='word_1_283' title='bbox 422 2318 493 2353; x_wconf 89' lang='lat' dir='ltr'><strong>hoc</strong></span> <span class='ocrx_word' id='word_1_284' title='bbox 520 2319 600 2360; x_wconf 80' lang='lat' dir='ltr'><strong>AB,</strong></span> <span class='ocrx_word' id='word_1_285' title='bbox 629 2326 720 2352; x_wconf 77' lang='lat' dir='ltr'><strong>corr.</strong></span> <span class='ocrx_word' id='word_1_286' title='bbox 747 2315 805 2351; x_wconf 86' lang='lat' dir='ltr'><strong>Ro</strong></span> 
     </span>
    </p>
   </div>
   <div class='ocr_carea' id='block_1_5' title="bbox 1419 769 1462 802">
    <p class='ocr_par' dir='ltr' id='par_1_6' title="bbox 1419 769 1462 802">
     <span class='ocr_line' id='line_1_38' title="bbox 1419 769 1462 802; baseline 0.047 -2"><span class='ocrx_word' id='word_1_287' title='bbox 1419 769 1462 802; x_wconf 92' lang='lat'><strong>10</strong></span> 
     </span>
    </p>
   </div>
   <div class='ocr_carea' id='block_1_6' title="bbox 1421 1065 1463 1097">
    <p class='ocr_par' dir='ltr' id='par_1_7' title="bbox 1421 1065 1463 1097">
     <span class='ocr_line' id='line_1_39' title="bbox 1421 1065 1463 1097; baseline 0 0"><span class='ocrx_word' id='word_1_288' title='bbox 1421 1065 1463 1097; x_wconf 86' lang='lat'><strong>15</strong></span> 
     </span>
    </p>
   </div>
   <div class='ocr_carea' id='block_1_7' title="bbox 1420 1362 1465 1394">
    <p class='ocr_par' dir='ltr' id='par_1_8' title="bbox 1420 1362 1465 1394">
     <span class='ocr_line' id='line_1_40' title="bbox 1420 1362 1465 1394; baseline 0.022 -1"><span class='ocrx_word' id='word_1_289' title='bbox 1420 1362 1465 1394; x_wconf 81' lang='lat'><strong>20</strong></span> 
     </span>
    </p>
   </div>
   <div class='ocr_carea' id='block_1_8' title="bbox 1420 1659 1465 1691">
    <p class='ocr_par' dir='ltr' id='par_1_9' title="bbox 1420 1659 1465 1691">
     <span class='ocr_line' id='line_1_41' title="bbox 1420 1659 1465 1691; baseline 0 0"><span class='ocrx_word' id='word_1_290' title='bbox 1420 1659 1465 1691; x_wconf 76' lang='lat'><strong>‘25</strong></span> 
     </span>
    </p>
   </div>
   <div class='ocr_carea' id='block_1_9' title="bbox 1421 1957 1466 1988">
    <p class='ocr_par' dir='ltr' id='par_1_10' title="bbox 1421 1957 1466 1988">
     <span class='ocr_line' id='line_1_42' title="bbox 1421 1957 1466 1988; baseline 0 0"><span class='ocrx_word' id='word_1_291' title='bbox 1421 1957 1466 1988; x_wconf 86' lang='lat'><strong>30</strong></span> 
     </span>
    </p>
   </div>
  </div>
 </body>
</html>
