1604 2488
145 744 187 775 10

147 1032 188 1064 15

147 1323 192 1354 20

150 1611 193 1643 25

216 107 297 149 196
692 107 991 149 QUINTILIANI

211 213 358 254 hcndit
389 214 511 267 enim,
541 215 762 268 tamquam
793 216 1069 268 expectasset.
1129 215 1268 257 minus
1299 216 1468 270 quidem

212 271 472 312 miserrimos
510 271 622 313 cives
663 271 912 313 confuderat
942 272 1066 314 istius
1099 276 1310 329 aspectus3
1347 275 1468 329 iugu-

212 329 301 369 lum
337 329 643 371 contumaciter
681 329 902 383 parabant.
969 330 1250 384 »iampridem
1288 335 1470 374 mortem

213 386 565 453 contempsimus,
595 401 672 429 nec
703 388 950 429 inimicitias
983 387 1182 430 adversus
1212 391 1256 430 te
1285 390 1468 444 suscepi-

213 459 325 498 mus,
374 445 459 486 nisi
506 445 611 486 lucis
659 445 838 487 vilitate.
911 445 1072 487 occide:
1120 447 1325 501 numquid
1373 447 1468 502 plus

211 502 394 556 potes?«
443 502 538 544 risit
580 503 761 558 animos3
807 505 850 544 et
885 503 1052 544 »adhuc
1088 504 1280 559 nescitis,
1321 505 1472 572 inquit,

213 562 418 613 quantum
450 574 550 615 opes
581 561 737 603 virium
767 561 977 603 habeant:
1014 559 1196 603 efficiam
1226 576 1300 604 vos
1331 562 1471 604 inimi-

213 631 324 659 cos«.
383 618 497 660 tradi
532 619 700 673 utrique
738 618 929 673 gladium
966 619 1086 660 iubet
1117 622 1160 661 et
1189 620 1393 662 custodiri
1423 620 1470 661 in

212 676 351 729 primo
388 676 552 730 impetu
595 691 764 731 manus3
808 677 920 718 circa
966 677 1138 731 flagella
1181 680 1223 719 et
1264 677 1383 732 ignes
1428 680 1471 719 et

213 734 351 775 omnis
387 734 636 788 tyrannicae
673 734 935 776 crudelitatis
978 737 1220 789 apparatus.
1289 738 1469 790 quantos

214 791 326 832 enim
362 791 494 833 fuisse
535 792 669 834 credis
700 795 839 833 metus
848 825 859 846 ‚
902 793 974 846 qui
1006 793 1250 847 effecerunt,
1292 795 1340 834 ut
1371 807 1470 835 con-

214 863 378 891 currere
410 849 496 891 illis
529 850 774 904 expediret?
828 864 852 891 0
893 850 1050 892 misera
1082 850 1290 892 condicio!
1316 864 1471 905 magna

212 907 468 949 necessitate
514 908 629 949 victa
677 908 853 949 libertas
905 910 982 949 est.
1046 910 1148 950 tunc
1204 910 1475 963 rogaverunt,

214 965 344 1006 donec
381 965 463 1007 iste
501 965 682 1007 crudelis
720 965 876 1006 lanista
913 966 1201 1020 »concurritc‚
1237 966 1393 1021 inquit:
1429 966 1475 1008 in

215 1023 319 1064 istas
351 1023 598 1064 innocentes
629 1037 778 1064 manus
810 1023 956 1065 venitis
987 1023 1236 1077 prudentes3
1266 1037 1353 1064 non
1377 1037 1476 1065 con-

214 1081 354 1134 tinget
392 1081 686 1122 innocentibus
727 1081 878 1122 mori«.
934 1094 1041 1135 quae
1080 1081 1331 1122 miserorum
1362 1081 1473 1122 inter

214 1139 339 1180 binos
372 1141 511 1179 metus
544 1139 849 1180 cunctationes!
883 1138 1071 1179 occidere
1102 1139 1236 1180 coacti
1265 1140 1364 1180 sunt
1389 1152 1476 1192 eos,

216 1210 395 1250 quorum
425 1196 748 1238 miserebantur.
811 1196 912 1250 quid
943 1209 1021 1250 ego
1052 1195 1205 1237 faciem
1234 1196 1475 1237 tristissimi

217 1254 336 1295 illius
367 1254 629 1296 contentionis
655 1254 855 1295 narrem?
888 1253 989 1307 quid
1015 1253 1222 1295 vulnera?
1253 1253 1353 1307 quid
1379 1268 1475 1295 san-

218 1312 418 1366 guinem?
451 1312 551 1366 quid
582 1311 798 1367 gemitus?
837 1314 885 1352 tu
917 1311 1071 1352 saltem
1101 1311 1274 1352 fortuna
1304 1311 1474 1352 melius:

218 1383 301 1411 uno
333 1373 510 1423 uterque
542 1370 631 1411 fato
664 1370 785 1411 iacet.
828 1371 870 1410 te
901 1371 1059 1423 tamen,
1091 1369 1218 1422 dives,
1246 1369 1477 1423 interrogo,

219 1427 319 1482 quid
350 1428 400 1468 de
431 1427 507 1469 illo
538 1427 730 1469 facturus
760 1427 905 1480 fueris,
937 1427 1010 1481 qui
1042 1426 1349 1481 superfuisset?
1396 1426 1477 1468 hoc

219 1488 284 1526 est
313 1500 443 1540 puras
476 1500 626 1527 manus
657 1485 843 1526 habere?
874 1484 955 1526 hoc
981 1485 1108 1526 nobis
1133 1499 1211 1539 pro
1235 1483 1477 1526 innocentia

218 1543 434 1596 imputas?
477 1545 701 1585 nocentem
738 1543 878 1584 fecisti
914 1542 1054 1596 ipsam
1092 1542 1387 1585 infelicitatem
1424 1544 1477 1595 et,

219 1604 438 1654 tamquam
476 1615 626 1655 parum
653 1603 763 1642 esset
788 1600 956 1654 exigere
975 1615 1148 1655 poenas,
1179 1599 1388 1654 supplicia
1417 1599 1478 1640 in-

219 1659 409 1712 famasti,
446 1659 490 1700 id
528 1658 706 1713 denique
742 1658 939 1712 coegisti,
982 1658 1095 1712 quod
1132 1657 1353 1700 defendere
1392 1671 1478 1699 non

226 1717 479 1771 potuissent,
511 1716 595 1757 nisi
627 1716 774 1757 coacti.

306 1774 461 1816 Iniusti
500 1774 697 1828 supplicii
737 1787 830 1828 ago.
890 1787 974 1814 non
1013 1774 1078 1814 est
1114 1772 1220 1813 mihi
1250 1773 1318 1813 lex
1348 1772 1478 1813 inter-

313 1927 333 1957 2
361 1924 575 1968 conspectus
601 1926 626 1955 P
644 1924 656 1967 ΙΙ
674 1922 849 1966 ingulfi
868 1925 897 1955 A
915 1923 926 1967 11
946 1924 966 1955 5
991 1921 1155 1956 occidere
1180 1923 1206 1954 B
1225 1921 1237 1964 ΙΙ
1257 1925 1276 1955 6
1302 1919 1423 1956 animo
1441 1923 1479 1964 B,

219 1971 303 2012 fort.
310 1970 330 1992 *
355 1969 492 2004 amicos
510 1970 522 2013 11
543 1973 562 2003 7
583 1979 674 2013 opus
692 1971 719 2002 B
737 1969 749 2013 ΙΙ
771 1972 813 2003 10
834 1979 957 2003 omnes
977 1971 1039 2001 ΔΡ
1057 1969 1069 2013 ΙΙ
1088 1968 1283 2012 apparatos
1302 1969 1387 2001 AaB
1406 1967 1418 2012 ΙΙ
1438 1970 1479 2001 13

221 2016 324 2061 tunc]
359 2015 422 2050 diu
455 2015 508 2050 Gr
532 2015 544 2059 ll
572 2019 612 2050 15
639 2014 741 2050 initis
766 2017 847 2058 AB,
872 2014 971 2049 mitis
997 2018 1040 2056 Β,
1065 2024 1155 2049 corr.
1181 2013 1252 2057 Ro,
1276 2014 1340 2058 qui
1363 2016 1480 2048 tamen

220 2063 325 2097 malit
358 2065 493 2096 14—15
521 2073 566 2097 en
596 2062 686 2096 istas
715 2061 788 2096 inn.
815 2072 944 2095 manus
969 2040 1135 2105 polluitis
1160 2071 1234 2104 pr.;
1268 2060 1305 2094 et
1327 2059 1418 2094 istas
1443 2058 1482 2093 in

221 2121 269 2143 m.
297 2108 517 2144 committite
542 2120 596 2152 pr
622 2108 699 2143 edd.
726 2108 771 2143 ab
796 2107 1007 2143 Aerodiana
1031 2105 1042 2151 [Ι
1067 2105 1249 2151 contingit
1271 2108 1302 2139 Δ
1319 2106 1331 2150 ΙΙ
1352 2109 1394 2140 17
1419 2105 1482 2140 bo-

222 2165 289 2189 nos
313 2157 339 2188 Β
358 2156 371 2199 11
389 2154 574 2190 cunctatio
599 2165 666 2189 nec
691 2164 765 2189 occ.
786 2156 860 2198 AB,
885 2164 974 2190 corr.
998 2153 1044 2188 1³0·
1061 2154 1072 2198 Ι]
1094 2155 1136 2187 18
1161 2163 1247 2197 ergo
1266 2154 1296 2185 Δ
1313 2152 1326 2196 ΙΙ
1346 2155 1480 2187 18--19

221 2200 338 2236 tristis
364 2201 396 2236 si
419 2201 556 2235 nullius
574 2203 600 2234 B
619 2201 631 2244 ΙΙ
653 2204 693 2235 19
719 2182 895 2244 tempoiis
915 2202 988 2243 ΔΒ,
1014 2210 1102 2234 corr.
1123 2198 1180 2234 Ro
1199 2199 1210 2243 ΙΙ
1229 2202 1274 2233 24
1298 2198 1406 2242 putas
1425 2200 1452 2231 Β
1471 2197 1483 2244 Η

223 2251 267 2282 25
293 2258 502 2292 quanquam
527 2250 553 2280 Β
573 2249 584 2291 ΙΙ
604 2252 700 2282 esset
725 2248 762 2282 et
787 2251 816 2280 A
834 2247 848 2291 Η
865 2251 908 2281 ‘26
934 2247 1103 2289 idemque
1127 2248 1153 2278 Β
