1604 2488
454 112 873 151 DECLAMATIONES.
901 113 1052 151 CCCVI.
1305 114 1388 157 201

109 223 360 266 crediturae.
405 223 479 266 sed
507 225 739 279 postquam
774 237 820 266 se
850 223 1037 279 perspici
1063 223 1200 265 sensit
1224 223 1390 267 iuvenis

108 282 277 325 differre
308 282 463 338 coepit.
512 283 623 325 nihil
655 283 860 325 iudicium
890 282 1031 338 magis
1062 282 1218 338 trahit,
1262 298 1392 338 quam

109 341 350 384 diffidentia
379 342 594 396 petitoris.
656 345 756 385 ante
788 341 1183 384 consummavimus
1214 342 1390 386 bellum.

106 415 196 444 non
232 401 443 444 fraudabo
482 405 546 457 te,
588 401 774 456 iuvenis,
818 401 958 456 gloria
995 404 1082 444 tua.
1144 404 1193 443 tu
1224 401 1390 457 fugasti

105 459 266 503 hostes.
319 460 484 514 felices,
528 461 566 503 si
602 461 677 516 qui
707 460 790 502 tibi
822 463 922 502 sunt
953 462 1173 516 parentes!
1222 461 1391 503 utinam

107 519 334 562 credibilia
370 520 587 562 finxisses!
633 520 853 573 effeceras,
896 522 946 561 ut
976 523 1019 562 te
1053 523 1228 575 cuperet
1261 535 1392 576 agno-

110 592 239 622 scere.
301 578 384 621 Hic
416 579 526 622 libet
557 579 733 634 adloqui
763 579 981 621 iuvenem:
1022 581 1072 621 tu
1103 579 1276 634 quidem
1308 580 1393 622 for-

107 637 212 680 titer
243 638 398 693 fecisti,
429 638 503 681 sed
534 638 678 680 minor
710 638 902 693 corporis
932 638 1088 693 virtus3
1119 639 1217 693 plus
1255 642 1323 681 est
1346 639 1393 680 in

106 697 241 740 animi
265 697 581 740 moderatione:
621 711 676 740 ne
708 697 809 753 quid
841 697 1024 752 inprobe
1055 701 1198 752 petas,
1237 713 1292 740 ne
1332 699 1390 741 vi·

105 755 248 799 dearis
280 757 368 800 isto
401 757 547 799 animo
579 756 791 812 litigasse.

194 815 358 872 „Iaicet,
389 816 543 871 inquit,
574 815 684 858 mihi
718 818 882 871 optare,
914 816 1027 871 quod
1060 815 1227 859 velim.“
1281 815 1390 859 Nul-

105 874 198 917 lum
246 875 520 918 manifestius
570 876 795 930 improbae
845 875 1038 930 optionis
1086 878 1390 931 argumentum

107 936 185 990 est,
217 948 347 990 quam
378 935 467 977 vim
499 935 588 991 legi
619 935 836 977 adhibere.
877 935 972 990 quis
1004 934 1119 976 enim
1153 935 1257 977 dicit
1288 949 1391 978 »ne-

105 1007 224 1036 cesse
250 995 357 1047 cst«,
389 993 464 1049 qui
495 993 635 1036 dicere
666 996 812 1050 potest
842 993 1102 1049 »oportetff
1132 1009 1221 1036 non
1246 997 1393 1036 tamen

102 1051 186 1095 hoc
224 1052 389 1107 <iuris>
420 1055 578 1095 natura
612 1053 785 1109 recipit,
822 1055 872 1095 ut
903 1056 994 1095 tam
1027 1053 1151 1109 gravi
1184 1054 1392 1096 servitute

104 1111 248 1164 [iuris]
272 1111 554 1154 obstrinxerit
575 1127 667 1154 rem
692 1112 928 1167 publicam,
955 1112 1029 1168 qui
1047 1113 1189 1168 legem
1208 1113 1393 1156 dicebat.

103 1169 188 1212 sibi
217 1185 323 1213 sane
348 1171 500 1213 tulerit
525 1171 619 1214 iura
645 1172 887 1226 simplicius
915 1175 1034 1214 aetas
1061 1175 1198 1227 vetus,
1230 1173 1389 1215 minor-

106 1243 190 1284 que
220 1229 354 1272 fucrit
382 1231 615 1274 verborum
647 1231 858 1286 custodia,
888 1245 984 1273 cum
1010 1231 1278 1273 intellecturi
1302 1246 1390 1273 non

105 1288 385 1332 timebantur.
441 1289 521 1332 has
554 1290 667 1331 enim
699 1290 864 1345 primas
895 1290 1075 1332 rudibus
1106 1290 1196 1332 illis
1229 1304 1279 1333 ac
1310 1291 1390 1332 mi-

102 1347 307 1390 litaribus
332 1347 437 1390 viris
465 1349 666 1391 existimo
691 1349 909 1404 placuisse
935 1349 1067 1405 leges,
1093 1349 1250 1404 quibus
1276 1350 1390 1392 inter

103 1407 309 1449 continua
356 1407 476 1449 bella
530 1409 775 1463 praemium
826 1423 914 1450 non
966 1409 1108 1451 avaris
1152 1408 1389 1451 virtutibus

103 1465 302 1510 dabatur.
375 1465 528 1521 Neque
575 1479 655 1522 ego
700 1466 970 1523 crediderim,
1020 1467 1244 1522 optionem
1287 1471 1390 1510 tunc

102 1525 228 1568 illam
270 1525 510 1580 respexisse
555 1526 609 1568 ad
642 1541 774 1568 onera
816 1527 877 1568 rei
921 1526 1133 1582 publicae.
1193 1527 1389 1570 liberalis

40 1586 45 1591 '
102 1587 198 1627 erat
228 1585 417 1640 populus
456 1599 507 1627 ex
538 1585 711 1640 praeda.
772 1586 898 1628 testis
931 1587 1171 1629 carminum
1203 1587 1390 1642 antiqui-

101 1645 184 1696 tas,
214 1644 291 1686 ubi
321 1643 389 1686 illi
418 1644 550 1699 primi
579 1644 732 1687 heroes
758 1645 1036 1688 canebantur.
1081 1645 1267 1688 bellator
1292 1646 1392 1688 huic

101 1717 263 1759 currus,
287 1702 388 1746 huic
408 1703 563 1746 ducum
584 1704 774 1758 exuviae,
793 1705 1014 1747 nonnullis
1036 1705 1232 1760 captivae
1252 1705 1392 1748 forma

98 1762 407 1818 praestantior,
438 1762 618 1818 (cuius)
649 1763 808 1806 ultima
834 1778 928 1806 sors
954 1763 1210 1819 habebatur,
1243 1780 1391 1820 quam-

99 1820 210 1863 libet
244 1821 403 1864 nobilis
433 1824 615 1877 peteret.
674 1822 878 1878 legistine
910 1823 1023 1866 circa
1054 1823 1256 1867 decennis
1287 1824 1392 1867 belli

196 1906 215 1937 1
241 1902 472 1948 perspiciens
498 1903 548 1938 sit
571 1906 599 1937 B
619 1904 631 1948 ΙΙ
650 1907 671 1939 2
699 1910 741 1940 Ν
758 1907 789 1939 Δ
807 1904 820 1949 ΙΙ
839 1907 861 1939 4
887 1904 1227 1940 consummabimus
1252 1907 1316 1938 AB
1337 1906 1348 1949 ΙΙ
1368 1909 1388 1940 6

99 1948 267 2006 efficeres
292 1952 319 1984 B
339 1951 351 1996 ΙΙ
370 1951 528 1996 cupuret
553 1954 594 1995 Δ,
621 1954 801 1997 cuperent
825 1952 904 1987 edd.
925 1953 936 1997 ΙΙ
956 1954 1180 1997 agnosceret
1203 1955 1318 1986 AaBa
1336 1953 1348 1997 Η
1368 1956 1389 1987 8

98 2008 172 2044 aio
198 2011 226 2043 B
251 2010 264 2055 ΙΙ
286 2013 327 2044 11
354 2009 492 2046 vellem
516 2012 571 2044 Aa
589 2011 602 2055 ss
628 2013 671 2045 12
697 2021 784 2046 non
810 2011 975 2046 debere
1000 2011 1130 2056 leges
1158 2001 1389 2056 simplicit

98 2067 232 2104 datas
262 2068 467 2114 maligne
505 2059 764 2114 intpretari
794 2072 825 2103 A
849 2071 862 2115 ΙΙ
886 2069 1039 2115 optimis
1063 2073 1090 2103 Β
1116 2071 1192 2115 1113
1219 2071 1390 2106 adhiberi

97 2117 125 2149 B
149 2116 162 2160 ΙΙ
189 2119 234 2151 14
258 2117 384 2162 potest
408 2127 474 2153 om.
500 2120 527 2150 P
546 2117 559 2162 ΙΙ
587 2120 630 2152 15
656 2118 804 2152 tantum
828 2121 854 2151 P
874 2118 885 2163 ΙΙ
909 2116 1056 2165 (iuris)
1080 2118 1140 2154 Ro
1158 2119 1170 2164 ΙΙ
1191 2121 1242 2152 16-
1265 2118 1387 2165 [iuris]

96 2161 156 2198 Ro
173 2163 186 2208 ΙΙ
206 2167 250 2199 17
276 2164 398 2199 minor
420 2167 446 2197 P
465 2165 476 2209 ΙΙ
499 2167 542 2199 19
568 2164 644 2199 illis
671 2165 691 2199 ἕ
717 2176 765 2198 m.
791 2167 831 2208 B,
856 2164 932 2200 illis
958 2166 996 2200 et
1021 2177 1070 2200 m.
1091 2169 1117 2199 P
1135 2166 1147 2210 ss
1166 2165 1389 2200 militalibus

96 2211 128 2243 Δ
145 2210 158 2254 ΙΙ
177 2214 222 2245 21
249 2221 384 2246 avarus
410 2213 482 2256 Aa,
514 2211 663 2246 avarius
687 2214 732 2255 Β;
766 2222 921 2247 avarum
945 2212 1004 2248 Ro
1023 2213 1034 2257 ll
1054 2217 1099 2248 22
1126 2223 1215 2257 ergo
1240 2216 1294 2247 Aa
1313 2214 1324 2258 ΙΙ
1345 2217 1389 2247 26

98 2257 345 2340 ἓῇᾈηαΙΙέΒῆΙΙ
364 2262 408 2294 27
429 2258 570 2295 formae
594 2261 620 2292 B
640 2259 652 2303 ss
672 2262 716 2294 27
730 2271 797 2304 pr.,
816 2258 979 2307 (cuius)
997 2260 1134 2296 ultima
1147 2260 1218 2304 Ro,
1238 2260 1391 2306 (quae)

155 2315 233 2339 ima
286 2316 303 2340 c

1417 768 1461 800 10

1420 1063 1463 1096 15

1415 1360 1462 1392 20

1417 1655 1463 1687 25
