1604 2488
186 750 229 780 10

185 1038 228 1070 15

185 1328 229 1358 20

186 1618 229 1648 25

253 114 339 155 220
644 114 645 117 ’
733 114 1036 156 QUINTILIANI

253 220 466 274 versariis,
496 234 570 261 cur
600 220 666 261 bis
692 220 940 261 damnatum
963 219 1158 261 adulterii
1182 220 1511 287 ignominiosum

254 293 345 319 esse
382 277 627 319 voluerint?
674 281 722 319 ut
758 277 928 331 opinor,
973 277 1152 332 iudices,
1190 278 1389 332 quoniam
1425 293 1511 320 una

253 335 470 377 damnatio
513 335 700 377 habebat
744 335 873 376 aliam
912 338 955 376 et
991 349 1110 376 suam
1140 349 1338 391 poenam,
1381 337 1511 391 gemi-

253 394 372 434 natio
410 393 601 435 criminis
633 393 839 435 afferebat
869 392 1166 447 ignominiam,
1201 408 1336 448 neque
1362 394 1512 436 11111110-

255 451 350 493 rito.
388 452 517 492 semel
537 451 647 492 enim
670 465 810 492 errare
832 465 933 492 sane
957 451 1180 492 tolerabile
1200 452 1274 493 sit:
1298 452 1343 494 in
1366 453 1514 494 eadem

253 523 352 550 vero
377 509 571 563 recidere,
594 524 647 550 ne
673 509 943 550 damnatione
963 509 1132 563 quidem
1154 510 1375 564 compesci,
1399 510 1515 552 ultra

256 567 400 608 omnia
436 567 667 608 videbatur.
727 566 836 608 nihil
869 581 970 622 ergo
1001 567 1131 609 verba
1159 567 1339 622 faciunt,
1368 568 1412 610 si
1442 583 1512 609 vo-

255 625 396 666 luntas
427 625 535 678 legis
569 625 734 666 diversa
766 627 894 679 atque
921 625 1137 666 contraria
1161 626 1238 666 est.
1281 627 1346 667 est
1371 627 1514 667 autem

254 682 439 736 diversa,
475 685 522 723 ut
560 684 750 736 apparet.
804 683 944 736 Atque
977 696 1076 737 ego,
1112 682 1148 723 si
1180 681 1428 724 descendere
1461 682 1515 724 ad

255 739 335 782 hoc
361 753 496 794 genus
518 741 731 782 actionum
751 740 916 794 vellem,
937 740 987 781 ad
1009 740 1120 794 quod
1142 754 1211 781 me
1230 754 1328 795 pars
1348 741 1514 783 diversa

256 798 435 852 deducit,
465 811 634 851 possem
660 797 922 851 contendere,
947 798 1034 839 vim
1059 798 1238 839 duorum
1262 797 1513 840 iudiciorum

254 856 301 896 in
337 855 406 897 his
442 870 529 897 non
567 870 670 897 esse.
725 856 887 910 quare?
937 856 1138 910 quoniam
1174 855 1241 897 lex
1277 856 1359 897 viri
1389 855 1513 898 fortis

255 914 503 967 intervenit,
536 916 578 954 et
616 914 852 967 praemium
884 927 975 954 eam
1006 914 1092 954 vim
1123 913 1293 967 habuit,
1328 915 1378 955 ut
1407 913 1514 955 iudi-

254 971 366 1012 cium
404 972 520 1024 prius
558 972 790 1013 tolleretur.
851 971 995 1024 itaque
1032 971 1200 1012 etiamsi
1236 971 1355 1025 prius
1387 971 1514 1024 (bis)

255 1028 478 1070 damnatus
521 1031 562 1070 et
598 1031 770 1083 propter
807 1029 888 1070 1100
926 1029 1027 1080 [bis]
1067 1028 1304 1083 ignominia
1339 1030 1513 1070 notatus

253 1086 420 1128 fortiter
464 1087 635 1128 fecisset
678 1090 721 1128 et
768 1086 945 1140 praemii
987 1087 1155 1128 nomine
1198 1086 1514 1128 restitutionem

255 1145 503 1199 quaesisset,
527 1144 635 1186 nihil
659 1158 713 1185 ne
739 1143 820 1186 duo
849 1144 1017 1198 quidem
1036 1157 1137 1185 vera
1158 1144 1336 1185 crimina
1354 1144 1515 1186 valuis-

255 1205 360 1244 sent.
420 1216 522 1257 ergo
565 1216 613 1243 eo
645 1204 854 1256 tempore,
892 1216 975 1255 quo
1009 1201 1192 1255 optavit,
1220 1203 1268 1242 ut
1299 1214 1515 1243 accusare—

253 1262 322 1301 tur
365 1260 540 1314 iterum,
580 1259 662 1302 hoc
706 1260 887 1314 optavit,
930 1262 978 1300 ut
1021 1261 1133 1301 esset
1168 1273 1246 1313 pro
1284 1258 1515 1301 damnato?

256 1318 292 1359 si
326 1332 419 1360 vero
456 1318 573 1372 prius
615 1318 817 1359 iudicium
860 1317 940 1359 hoc
983 1317 1048 1358 illi
1089 1316 1305 1371 praestitit
1347 1319 1388 1357 et
1430 1331 1515 1358 me-

255 1376 340 1418 rito
371 1375 601 1430 praestitit,
630 1376 675 1416 in
708 1375 1127 1430 summaqu<e>idem
1153 1373 1334 1416 secundo
1358 1374 1514 1416 iudicio

256 1434 495 1488 quaesitum
538 1436 622 1487 est,
664 1448 719 1475 an
760 1434 830 1475 1110
873 1433 1041 1474 adulter
1078 1435 1207 1487 esset,
1249 1445 1329 1487 quo
1366 1431 1515 1486 <iu>re

256 1494 477 1534 accusatus
521 1493 651 1545 esset,
693 1492 896 1546 quoniam
937 1493 1157 1557 tamquam
1201 1490 1252 1532 de
1292 1490 1516 1531 innocente

256 1552 298 1590 et
337 1550 387 1591 de
426 1550 554 1591 dubio
586 1550 872 1602 ambiyebatur
903 1563 951 1591 ac
983 1549 1019 1590 si
1050 1549 1167 1603 prius
1198 1547 1399 1590 iudicium
1429 1561 1516 1589 non

257 1610 387 1649 esset:
419 1608 555 1649 altero
583 1607 776 1648 damnari
800 1607 908 1648 nihil
934 1607 1127 1660 attinuit,
1153 1607 1244 1648 erat
1268 1605 1380 1647 enim
1403 1605 1516 1647 dam-

255 1668 394 1707 natus.
442 1665 510 1706 vel
538 1665 647 1719 elige
673 1665 784 1719 quod
809 1665 941 1718 voles,
971 1667 1210 1705 accusator:
1241 1664 1387 1718 utique
1410 1663 1515 1705 alte·

255 1738 349 1764 rum
381 1737 431 1764 ex
463 1723 638 1764 duobus.
681 1737 781 1764 nam
813 1723 849 1764 si
873 1722 1112 1775 valu<er>it
1136 1721 1244 1762 illud
1267 1721 1398 1762 fuisse
1425 1734 1515 1762 sen-

254 1781 455 1834 tentiam,
499 1781 681 1822 alterum
718 1780 861 1834 <11011>
900 1782 965 1821 est
1000 1794 1077 1833 pro
1116 1778 1337 1820 sententia.
1396 1779 1515 1832 prius

257 1839 403 1893 utique
433 1839 537 1880 illud
567 1839 626 1880 sic
652 1838 851 1892 colligite.
899 1852 986 1879 non
1011 1839 1075 1878 est
1099 1836 1335 1891 impunitus
1360 1836 1410 1890 is,
1441 1835 1514 1890 qui

353 1946 370 1975 1
398 1940 587 1986 quoniam]
625 1942 708 1984 fort.
741 1942 840 1975 *non
877 1940 952 1974 iam
982 1943 1042 1974 etc.
1069 1959 1112 1965 —
1137 1949 1310 1983 poenam:
1345 1938 1476 1983 gemin.
1502 1937 1506 1983 Ι

257 1992 277 2022 6
303 1987 467 2022 incidere
487 1990 560 2031 ΑΒ,
587 1998 677 2023 corr.
697 1987 755 2022 Ro
773 1988 785 2031 ΙΙ
804 1991 823 2021 6
849 1986 1068 2021 videbantur
1086 1988 1139 2019 Aa
1156 1985 1168 2029 ΙΙ
1187 1989 1206 2021 7
1228 1984 1320 2020 nihil
1338 1984 1436 2020 enim
1454 1987 1484 2017 Δ
1502 1985 1506 2029 1

256 2034 368 2068 verba
394 2035 478 2068 sunt
501 2037 555 2067 Aa
573 2035 584 2079 [ι
603 2037 624 2068 8
650 2034 712 2068 sed
738 2036 816 2077 AB,
842 2043 930 2068 corr.
947 2033 1000 2067 Gr
1049 2036 1090 2066 11
1118 2031 1405 2073 continuarem,
1428 2040 1515 2065 con·

253 2079 408 2114 tundere
433 2083 485 2114 Ab
504 2081 515 2124 ΙΙ
536 2085 579 2115 14
606 2080 754 2116 tolleret
778 2081 834 2125 Β]
830 2081 841 2125 ΙΙ
869 2083 911 2114 15
935 2078 1018 2126 <bis
1070 2078 1104 2114 d.
1131 2088 1161 2112 e.
1186 2089 1221 2122 p.
1247 2078 1283 2113 h.
1311 2076 1400 2123 [bis]
1427 2076 1479 2111 Gr
1502 2076 1516 2129 [l

256 2130 298 2161 19
324 2127 366 2160 ut
391 2127 504 2172 esset]
529 2138 575 2161 ne
602 2128 698 2161 esset
722 2127 796 2160 Aer
820 2127 831 2171 fl
856 2129 901 2160 20
927 2136 1014 2170 ergo
1040 2127 1101 2158 ΔΒ
1126 2135 1217 2160 corr.
1241 2122 1299 2159 Ro
1325 2124 1338 2167 ΙΙ
1364 2123 1434 2158 hoc
1458 2122 1516 2157 1111

254 2174 293 2208 et
317 2184 363 2206 m
389 2185 424 2217 p.
447 2176 476 2206 Β
506 2173 520 2217 n
549 2177 591 2207 21
619 2173 657 2207 iu
682 2183 824 2207 summa
849 2171 997 2216 quidem
1022 2173 1102 2214 AB,
1128 2181 1216 2206 corr.
1243 2171 1317 2204 Aer
1347 2170 1358 2214 ΙΙ
1389 2179 1514 2213 quaes.

255 2231 334 2254 sum
365 2231 412 2253 an
436 2222 462 2252 B
493 2220 505 2263 ΙΙ
537 2223 579 2254 22
606 2229 716 2263 quare
742 2221 824 2260 AB,
850 2229 939 2253 corr.
966 2217 1024 2253 Ro
1053 2218 1065 2261 ΙΙ
1094 2220 1140 2251 24
1165 2215 1415 2251 arbitrabatur
1439 2218 1514 2258 AB,

253 2277 344 2301 corr.
375 2265 437 2301 Gr.
457 2266 469 2309 ΙΙ
489 2266 518 2300 01
543 2277 609 2300 om
606 2231 660 2298 qB
680 2266 691 2310 Η
711 2268 753 2299 27
779 2263 990 2311 valu<er>it
1007 2263 1064 2298 Ro
1083 2263 1094 2307 ΙΙ
1114 2265 1251 2298 28-29
1275 2261 1500 2306 fortasse*n
