1604 2488
456 108 887 160 DECLAMATIONES.
915 123 1118 161 cccxxx.
1356 124 1443 169 299

119 269 122 272 .
150 233 368 291 praestari
398 232 480 275 filii
511 233 577 275 tui
607 232 772 276 matri?
810 235 853 276 et
885 232 923 276 si
953 233 1036 276 hoc
1062 234 1207 277 animo
1233 233 1365 290 fuisti,
1394 237 1444 278 tu

148 292 341 347 voluisti,
371 295 421 336 tu
453 292 621 335 dedisti.
664 307 743 335 nec
774 293 891 335 enim
917 293 1119 348 cuiquam
1147 293 1353 336 credibile
1379 294 1444 337 vi-

148 352 242 396 deri
283 354 450 408 potest,
493 352 721 407 ignorasse
759 354 821 406 te,
873 366 928 395 an
973 365 1054 408 ego
1098 367 1199 395 vere
1237 367 1442 397 amarem.

146 424 218 456 me
249 411 342 455 sine
375 411 506 454 dubio
540 414 584 454 et
613 411 871 454 verecundia
903 414 947 454 et
976 414 1115 455 metus
1147 412 1338 455 inhibuit
1364 413 1442 455 ali-

148 473 381 527 quatenus,
412 485 563 513 verum
596 471 747 514 statim
779 471 931 514 dicere.
981 471 1057 513 sed
1087 485 1180 514 cum
1212 472 1442 527 pecuniam

150 530 408 586 acciperem,
444 530 546 572 illae
583 544 652 572 me
691 530 919 573 subierunt
957 531 1264 586 cogitationes,
1310 546 1442 587 quam

142 589 442 645 indulgenter,
480 604 611 644 quam
647 589 883 645 prudenter
919 589 1102 645 faceres,
1139 593 1189 632 ut
1220 590 1440 633 infelicem

145 648 354 692 feminam
393 649 548 703 aleres,
591 663 671 691 nec
706 649 914 691 videreris
951 649 998 691 in
1036 650 1225 705 gratiam
1262 650 1439 692 redisse.

235 707 327 762 „Tu
351 710 512 763 tamen,
543 707 696 763 inquit,
726 709 936 751 mentitus
961 723 1007 750 es
1033 709 1150 763 patri
1175 711 1219 751 et
1246 723 1440 753 amorem

146 767 384 810 meretricis
416 766 618 809 finxisti.“
659 767 728 809 Ita
759 767 1033 810 innocentior
1063 782 1194 821 eram,
1226 769 1263 811 si
1288 782 1439 811 verum

143 825 382 868 dixissem?
429 826 560 881 plena
591 829 656 868 est
686 826 934 870 huiusmodi
967 827 1133 878 artibus
1164 827 1275 881 vita,
1306 828 1436 883 plena

143 887 246 928 sunt
282 885 415 927 etiam
452 885 644 928 theatra:
690 886 1101 928 circumscribuntur
1134 888 1178 928 et
1209 901 1435 930 servorum

142 943 311 987 artibus
342 946 489 1000 patres
523 946 567 986 et
597 944 834 987 mendaciis
866 945 1075 988 filiorum:
1114 948 1158 987 et
1188 945 1435 1002 ignoscunt,

140 1017 238 1046 cum
269 1003 570 1046 meretricibus
602 1004 784 1058 pecunia
822 1004 966 1059 datur,
1005 1019 1102 1047 cum
1134 1005 1281 1060 aliqua
1320 1020 1345 1047 a
1376 1005 1436 1047 16-

138 1077 252 1105 none
295 1062 524 1104 redimitur
567 1063 735 1105 aneilla.
797 1063 886 1105 dixi
931 1078 1123 1106 amorem
1161 1079 1255 1107 esse
1298 1078 1432 1107 mere-

137 1121 279 1164 tricis:
312 1124 535 1177 acceptam
565 1123 795 1177 pecuniam
826 1123 958 1165 matri
989 1123 1098 1166 dedi.
1159 1123 1434 1167 innocentior

141 1193 245 1236 ergo
288 1194 424 1236 eram,
470 1181 507 1223 si
549 1182 777 1236 pecuniam
814 1182 946 1224 matri
990 1183 1175 1237 petitam
1215 1183 1434 1226 meretrici

141 1239 388 1282 dedissem?

231 1297 378 1341 Possit
408 1298 547 1341 videri
573 1299 665 1342 sine
692 1299 821 1342 dubio
852 1300 1006 1342 durum
1032 1302 1076 1342 et
1103 1314 1318 1355 asperum,
1349 1315 1436 1357 me,

142 1372 242 1400 cum
271 1357 365 1412 ipse
397 1357 479 1400 sim
511 1357 558 1399 in
582 1358 787 1413 periculo,
820 1359 954 1401 etiam
979 1359 1007 1413 ζ
1008 1359 1116 1413 pro>
1144 1360 1230 1402 alio
1257 1373 1435 1416 rogare:

143 1430 437 1472 quaecumque
468 1418 616 1459 tamen
649 1417 828 1472 occasio,
861 1432 1156 1473 quaecumque
1187 1421 1337 1461 tamen
1362 1433 1438 1461 ne-

141 1475 322 1519 cessitas
354 1478 439 1531 est,
478 1475 517 1517 si
548 1476 636 1518 iam
670 1490 750 1532 ego
785 1476 960 1531 offendi,
1000 1477 1038 1519 si
1070 1477 1190 1533 quid,
1222 1478 1335 1533 quod
1366 1492 1438 1534 pa-

139 1549 240 1578 rum
283 1534 538 1590 simpliciter
581 1536 847 1591 rogaverim,
898 1536 1114 1591 irasceris,
1155 1537 1279 1579 illam
1327 1551 1439 1580 com-

148 1593 306 1637 mendo
338 1593 559 1636 miseram:
590 1608 678 1637 non
709 1597 759 1636 ut
789 1595 970 1637 reducas
999 1594 1101 1651 (fuit
1125 1596 1212 1638 ista
1238 1610 1336 1651 spes
1362 1597 1438 1638 ali-

146 1653 318 1710 quando
358 1656 402 1695 et
441 1653 647 1707 forsitan,
685 1654 723 1696 si
753 1654 920 1696 felicior
950 1669 1110 1710 essem,
1147 1658 1342 1698 maneret
1367 1656 1437 1698 ad-

143 1710 263 1769 huc),
293 1712 414 1767 illud,
446 1712 561 1768 quod
593 1726 723 1768 egens
757 1715 800 1755 et
831 1713 1057 1756 abdicatus
1089 1728 1264 1757 necesse
1296 1715 1436 1758 habeo

143 1771 384 1827 deprecari,
415 1776 465 1814 ut
496 1772 607 1827 alas,
639 1772 812 1815 etiamsi
843 1773 1057 1816 irasceris.
1121 1774 1294 1829 qualem
1321 1774 1437 1816 enim

140 1831 327 1874 miserae
365 1831 483 1873 illius
516 1831 741 1874 existimas
772 1831 931 1886 vitam,
973 1846 1070 1874 cum
1102 1833 1222 1875 cibos
1255 1833 1436 1876 cotidia-

140 1903 224 1932 nos
255 1889 366 1944 petit
397 1892 441 1932 et
472 1904 642 1944 semper
672 1891 718 1932 in
749 1893 973 1945 posterum
1005 1904 1134 1946 egens
1168 1891 1264 1934 est?
1322 1892 1438 1948 equi-

141 1948 241 1991 dem
261 1962 424 2002 vereor,
443 1948 619 2004 iudices,
639 1963 693 1991 ne
713 1951 813 2004 post
832 1949 944 1992 hanc
964 1964 1106 1992 meam
1127 1950 1437 2006 calamitatem,

142 2022 274 2064 quam
316 2007 575 2063 praesertim
619 2008 836 2063 excepisse
874 2022 941 2050 me
979 2011 1158 2064 propter
1195 2009 1435 2053 misericor-

239 2127 259 2159 1
285 2123 475 2169 praestare
502 2126 531 2157 Δ
563 2124 574 2168 ΙΙ
601 2123 653 2170 et]
682 2124 722 2159 at
746 2123 804 2159 Ro
823 2125 835 2170 ΙΙ
866 2124 939 2159 fuit
963 2127 1049 2170 AB,
1076 2135 1167 2161 corr.
1194 2125 1271 2162 Aer
1294 2127 1349 2172 114
1373 2138 1433 2163 me

138 2180 209 2207 om.
235 2173 263 2204 Β
282 2172 294 2216 ΙΙ
312 2172 416 2207 metu
440 2173 467 2204 B
487 2172 499 2217 ΙΙ
519 2174 539 2206 5
565 2171 635 2206 *ut
662 2173 729 2205 AB
748 2172 761 2216 ΙΙ
782 2174 826 2207 10
850 2171 1031 2207 influxisti
1056 2175 1082 2206 B
1102 2173 1115 2218 ΙΙ
1133 2183 1261 2209 veroni
1286 2177 1340 2208 Aa
1359 2175 1371 2220 ΙΙ
1394 2177 1438 2209 14

140 2217 316 2254 alienone
341 2221 395 2253 Aa.
432 2219 443 2263 ΙΙ
483 2222 528 2254 20
554 2217 679 2266 (pro)
704 2218 780 2254 Aer
809 2219 821 2264 ss
852 2223 896 2255 21
924 2219 1070 2255 occasio
1097 2231 1341 2266 quaecunque
1367 2232 1435 2257 om.

141 2265 170 2298 Β
233 2265 362 2301 tamen
385 2276 452 2302 om.
479 2269 505 2299 P
542 2267 554 2311 ΙΙ
592 2269 637 2300 25
663 2276 854 2302 manerem
878 2269 905 2300 Β
942 2268 955 2312 fl
992 2270 1133 2303 25—26
1158 2279 1310 2304 manere
1335 2267 1431 2303 illud

138 2309 190 2345 ad
218 2322 266 2347 uc
290 2314 366 2358 ΔΒ,
392 2323 483 2349 corr.
512 2312 664 2359 R0112s
691 2313 940 2349 exaestimans
968 2317 998 2348 Δ

1468 778 1512 810 10

1463 1075 1505 1106 15

1462 1369 1507 1402 20

1466 1665 1510 1697 25

1464 1961 1508 1993 30
