1604 2488
479 104 908 169 DECLAMATIONES.
934 131 1067 169 coen.
1322 132 1404 174 191

123 243 300 287 interim
337 243 526 298 incipere
563 243 675 286 libet
711 243 765 285 ab
797 242 895 297 ipsa
925 241 1035 298 lege.
1096 241 1164 284 ius
1196 243 1310 284 certe
1343 257 1405 284 se-

123 301 251 346 dendi
281 302 436 358 implet
467 302 713 358 ingenuitas
747 305 790 344 et
815 316 980 344 census.
1025 301 1315 356 quaerendum
1340 304 1407 344 est

122 375 238 419 ergo,
258 376 315 404 an
329 362 399 404 hic
419 362 637 418 gladiator
658 362 714 404 sit
729 363 804 404 aut
816 361 959 403 fuerit.
984 375 1070 403 non
1089 375 1236 403 sumus
1256 361 1404 417 magni

120 421 231 477 legis
262 421 541 477 interpretes:
572 435 661 464 non
693 421 861 476 ludum,
891 434 970 462 nec
1002 434 1195 475 arenam,
1226 434 1304 463 nec
1337 435 1404 462 ar-

119 494 290 523 morum
338 481 649 534 [in]scientiam
694 479 917 535 complexa
949 482 1033 535 est,
1077 479 1151 522 sed
1195 479 1402 536 gladium.
1429 490 1453 522 5

121 540 188 583 cui
219 540 396 583 dubium
431 542 514 595 est,
554 540 597 582 id
630 539 890 596 exigendum
922 553 1016 581 esse
1047 539 1092 581 in
1125 553 1192 592 eo,
1234 554 1285 582 ex
1318 553 1402 594 quo

118 613 278 642 nomen
305 599 562 655 gladiatoris
589 599 764 642 ductum
792 598 886 641 est?
919 598 1137 654 gladiator
1162 599 1298 655 igitur
1325 601 1404 654 est,

120 659 194 715 qui
220 659 264 701 in
292 673 422 701 arena
448 659 608 714 populo
636 660 860 714 spectante
884 658 1109 714 pugnavit.
1143 673 1243 700 nam
1263 672 1402 713 neque

120 720 269 761 orator
301 719 378 773 est,
410 718 483 773 qui
507 733 743 774 numquam
771 718 862 772 egit
891 731 1082 771 causam3
1115 732 1253 773 neque
1281 732 1401 760 accu-

119 780 248 832 sator,
275 778 348 833 qui
373 792 493 820 reum
516 778 560 819 in
580 777 786 820 iudicium
806 791 893 819 non
914 776 1106 831 dedux5t3
1131 791 1270 832 neque
1289 791 1400 831 reus,
1428 787 1475 820 10

118 837 191 892 qui
223 851 398 879 causam
429 851 517 879 non
548 836 669 879 dixit.
721 836 944 878 videamus
977 839 1021 878 et
1051 836 1186 891 ipsius
1219 836 1401 891 periculi

118 909 304 939 eausam.
367 910 549 952 quaero,
587 911 643 938 an
676 895 713 937 si
745 895 932 938 creditor
962 897 1063 950 post
1094 895 1243 937 datam
1274 910 1400 950 pecu-

114 955 234 1012 niam
273 969 428 1011 operas
465 955 722 1011 remisisset,
766 955 930 997 diceres
975 969 1072 997 eum
1111 954 1399 1011 gladiatorem

114 1013 280 1057 fuisse?

201 1072 277 1128 „In
314 1073 415 1116 ludo
452 1073 575 1116 fuitf‘
635 1072 829 1116 Fuerunt
862 1073 1059 1115 doctores
1093 1075 1135 1114 et
1167 1073 1321 1115 medici
1355 1075 1398 1114 et
1426 1083 1470 1115 15

114 1132 323 1175 ministri:
368 1147 507 1188 neque
544 1136 689 1175 tamen
739 1132 819 1185 [in]
858 1132 936 1174 illo
973 1132 1148 1175 nomine
1185 1134 1397 1174 tenentur.

111 1190 376 1246 „Productus
391 1191 494 1235 est.“
523 1191 665 1247 (Sed)
685 1194 728 1234 et
747 1192 823 1234 alii
838 1192 977 1244 multi,
991 1191 1224 1247 spectaculi
1245 1192 1398 1247 gratia.

110 1250 211 1305 „sed
238 1250 378 1293 adfuit
400 1251 668 1307 pugna<e>“.
711 1252 742 1307 †
762 1251 836 1293 sed
864 1251 1057 1293 animum
1077 1251 1234 1292 tenetis
1250 1251 1280 1306 †
1301 1265 1397 1292 cum

111 1309 372 1364 praesertim
410 1310 482 1353 hic
521 1310 626 1354 ordo
665 1325 716 1352 ex
748 1309 876 1352 laude
908 1309 1092 1351 militiae
1124 1309 1206 1351 hoc
1238 1324 1397 1352 nomen

113 1369 339 1425 acceperit.
400 1384 489 1412 non
527 1383 630 1425 ergo
673 1383 821 1425 pugna
852 1383 930 1424 per
961 1383 1006 1410 se
1037 1369 1178 1423 turpis
1212 1371 1288 1423 est,
1322 1368 1394 1410 sed
1422 1379 1468 1412 20

110 1427 342 1470 inhonesta
379 1443 538 1484 pugna.
601 1428 719 1471 dedit
758 1428 873 1470 enim
915 1430 958 1470 et
988 1427 1166 1470 familiis
1198 1428 1397 1470 nomina:

109 1486 210 1530 hinc
258 1485 456 1541 Corvini,
500 1488 601 1530 hinc
641 1488 867 1543 Torquati,
910 1487 1010 1529 hinc
1048 1486 1205 1542 Opimi.
1273 1487 1397 1528 illum

114 1560 218 1602 ergo
261 1546 448 1589 maiores
493 1547 812 1602 prohibuerunt
853 1546 1046 1601 theatro,
1095 1547 1166 1602 qui
1212 1546 1396 1601 vilitate,

112 1606 184 1660 qui
223 1606 326 1662 gula
366 1620 411 1649 se
450 1608 731 1650 auctorasset.
792 1608 1013 1648 mutuatus
1052 1608 1119 1647 est
1155 1606 1395 1660 pecuniam,

108 1667 157 1706 ut
186 1667 358 1720 patrem
390 1666 612 1721 sepeliret3
645 1667 868 1707 mutuatus
900 1664 1012 1707 unde
1044 1665 1206 1720 potuit:
1240 1667 1282 1706 et
1309 1679 1392 1720 quo
1419 1676 1465 1708 25

107 1724 276 1779 turpius
308 1727 437 1780 putas
471 1739 563 1767 esse
596 1725 658 1768 sic
683 1725 885 1780 mutuari,
916 1724 999 1766 hoc
1024 1723 1251 1766 honestius
1278 1723 1393 1766 fecit.

106 1782 215 1825 vidit
247 1784 373 1839 enim,
406 1784 509 1840 quid
543 1784 625 1826 sibi
659 1784 849 1827 accidere
876 1786 1026 1839 posset
1052 1786 1292 1838 auctorato,
1319 1783 1391 1825 sed

106 1842 213 1884 illud
245 1843 458 1887 crudelius
490 1844 680 1899 putavit,
713 1844 749 1886 si
781 1845 908 1899 pater
938 1843 1181 1898 insepultus
1214 1843 1391 1884 iaceret:

104 1901 371 1957 gladiatores
405 1903 684 1958 sepeliuntur.
727 1903 803 1945 isti
835 1905 1108 1944 accusatores
1143 1905 1186 1944 et
1219 1900 1391 1945 Cimoni

103 1961 183 2014 illi,
208 1962 320 2017 quod
341 1962 483 2017 patris
510 1976 664 2017 corpus
691 1962 853 2004 vicario
881 1975 1061 2016 corpore
1086 1961 1390 2015 redem<er>it,
1417 1973 1463 2005 30

203 2093 224 2124 3
251 2101 409 2136 magnae
436 2093 462 2124 B
483 2091 494 2135 ΙΙ
515 2094 535 2126 5
563 2090 834 2136 [ἰη]εοίει]ἡίἢιῃ
861 2093 957 2126 auct.
983 2091 1108 2126 incert.
1134 2101 1194 2135 ap.
1223 2090 1275 2124 Pi
1292 2091 1304 2134 ΙΙ
1323 2089 1390 2124 in-

104 2138 261 2172 serefit
285 2140 315 2172 A
335 2139 347 2183 fl
367 2142 387 2173 7
413 2138 531 2184 glad
557 2141 586 2171 A
606 2139 617 2183 Π
637 2142 657 2173 8
677 2138 815 2172 harena
840 2140 866 2172 B
886 2138 898 2183 ΙΙ
917 2138 1138 2183 expectante
1165 2140 1194 2171 A
1214 2139 1225 2183 ΙΙ
1245 2141 1265 2172 9
1293 2148 1389 2172 ora-

102 2184 176 2219 tor
200 2187 230 2219 A
248 2186 262 2230 Ι]
281 2189 398 2221 9-10
425 2187 669 2221 accusator
694 2188 723 2218 A
741 2185 754 2229 ΙΙ
775 2189 819 2220 10
844 2197 944 2221 reus
970 2188 999 2219 A
1018 2187 1029 2230 ΙΙ
1051 2189 1093 2221 16
1121 2185 1191 2231 [in]
1219 2184 1389 2229 La81117

102 2229 222 2279 (sed)
246 2232 305 2268 Ro
339 2235 352 2278 ΙΙ
387 2236 429 2268 18
457 2231 662 2280 pugna<e>
688 2232 764 2267 Aer
799 2234 812 2277 11
848 2233 912 2268 sed
937 2231 1031 2280 (et)
1062 2232 1127 2267 alii
1152 2232 1263 2267 multi
1289 2232 1390 2276 equi-

104 2279 160 2313 tes
187 2278 235 2324 (ἓ)
261 2279 415 2325 1301124
442 2280 519 2326 gila
546 2283 599 2314 Aa
623 2281 634 2326 ΙΙ
660 2282 836 2315 auctor
860 2281 985 2326 A1127
1011 2280 1130 2326 possit
1155 2282 1294 2313 AB-I’
1313 2279 1325 2323 ΙΙ
1345 2283 1390 2313 30

103 2325 168 2369 qui
192 2329 267 2379 AB,
294 2338 383 2363 corr.
413 2327 467 2363 Gr
485 2330 497 2373 ΙΙ
516 2326 772 2374 redem<er>it
800 2327 854 2365 Gr
