1586 2476
472 101 894 139 DECLAMATIONES.
920 100 1095 138 CCLVIL
1356 99 1415 143 49

542 233 995 279 DECLAMATIO.

217 318 265 362 Si
301 319 357 362 ab
397 319 483 362 alio
521 319 769 374 redemptus
809 321 924 361 esset
960 320 1085 373 pater
1122 318 1222 372 (et)
1256 319 1418 374 statim,

127 382 177 422 ut
207 378 393 422 redisset
425 393 451 421 a
482 378 742 434 gravissima
771 377 960 431 fortuna,
1002 378 1081 431 [et]
1116 378 1317 421 abdicare
1349 393 1417 421 me

126 438 407 492 instituisset,
444 437 632 480 dicerem
668 440 832 480 tamen:
876 436 979 493 quid
1017 437 1133 480 intra
1165 440 1257 480 tam
1289 438 1417 480 breve

128 500 301 554 tempus
334 497 563 540 commisi?
595 497 697 553 quid
727 499 820 540 tam
853 497 1062 540 scelerate
1094 511 1120 539 a
1151 511 1220 539 me
1251 497 1417 540 factum

129 560 207 612 est,
238 561 288 599 ut
312 557 378 599 ira
407 556 545 612 patris
570 556 844 612 praecederet
871 557 1015 612 ipsam
1047 557 1417 612 gratulationem?

127 630 245 660 nunc
276 618 442 659 certum
467 616 619 671 habeo,
650 615 1066 672 indigna-quaedam
1089 619 1316 671 expectare
1340 631 1417 660 vos

127 676 334 731 facinora,
366 690 464 718 cum
496 675 720 718 abdicetur
743 675 872 731 filius,
904 676 978 731 qui
1002 675 1195 718 redemit.
1240 676 1418 719 estsine

129 735 260 778 dubio
286 734 404 778 istud
423 749 513 778 non
537 750 682 778 meum
702 735 972 790 beneficium,
998 738 1041 777 et
1060 750 1186 778 omne
1206 736 1419 792 redempti

127 795 269 851 patris
306 809 463 837 munus
496 794 551 837 ad
588 809 783 837 socerum
820 794 946 837 redit.
1007 808 1089 850 ego
1121 797 1269 837 tamen
1299 796 1418 838 navi-

130 855 250 911 gavi3
282 867 364 910 ego
395 854 640 909 periculosa
671 854 809 896 maria
838 854 1061 910 ingressus
1095 869 1203 909 sum,
1234 857 1284 897 ut
1308 855 1421 898 redi-

129 928 294 956 merem
337 916 526 969 patrem,
565 913 928 969 quemadmodum
971 914 1116 969 ipsum
1160 913 1302 956 dicere
1346 929 1421 957 au-

130 972 273 1027 distis3
317 973 529 1028 quaedam
573 973 706 1015 etiam
748 987 837 1016 non
872 973 1081 1027 patienda
1117 988 1273 1029 passus
1313 989 1420 1017 sum.

130 1031 250 1083 Quae
289 1032 328 1074 ei
365 1032 479 1074 ratio
518 1031 805 1076 abdicationis
844 1031 940 1074 est?
989 1032 1115 1087 „Non
1156 1033 1421 1090 obsequeris,

129 1091 288 1148 inquit,
319 1090 465 1134 mihif‘
1043 1100 1152 1109 ”“·””’“
1176 1097 1182 1099 “

221 1149 268 1194 Si
303 1150 388 1194 hoc
423 1150 476 1193 ad
518 1150 806 1194 abdicandum
839 1151 946 1194 satis
979 1155 1110 1206 esset,
1155 1167 1421 1208 supervacua

130 1212 256 1254 erant
275 1210 452 1253 omnino
473 1210 632 1254 iudicia
652 1211 741 1254 ista.
774 1225 850 1253 cur
872 1211 990 1253 enim
1009 1212 1137 1254 nobis
1158 1211 1420 1255 defensionis

131 1272 394 1325 potestatem
426 1269 619 1325 dedistis,
660 1270 697 1312 si
728 1269 840 1312 nihil
872 1271 1035 1313 nostris
1067 1271 1258 1314 consiliis
1291 1271 1422 1314 liber-

130 1329 237 1372 tatis
266 1329 469 1372 relictum
502 1329 597 1372 est?
631 1329 743 1371 servi
774 1343 842 1371 me
867 1329 1043 1372 hercule
1075 1330 1288 1385 quaedam
1319 1331 1422 1373 libe-

131 1388 222 1430 rius
256 1402 308 1430 ex
338 1388 455 1431 bona
486 1390 631 1430 mente
663 1388 841 1444 faciunt,
874 1392 918 1431 et
949 1389 1185 1444 aliquando
1216 1390 1423 1433 indicium

132 1447 235 1490 fidei
270 1449 426 1502 putant
468 1447 607 1501 pretio
647 1449 794 1503 empta
832 1449 1052 1504 mancipia
1088 1463 1175 1492 non
1215 1449 1423 1505 paruisse.

133 1506 247 1549 filios
284 1520 386 1549 vero
424 1507 519 1562 quis
557 1506 776 1549 dubitavit
806 1522 1011 1563 umquam
1043 1522 1138 1551 esse
1168 1510 1423 1565 plerumque

135 1579 237 1608 suae
275 1566 535 1622 potestatis?
585 1568 634 1609 ut
666 1580 718 1608 ea
747 1569 1039 1622 praeteream,
1078 1582 1188 1623 quae
1220 1569 1300 1611 sub
1332 1572 1423 1612 tam

133 1625 250 1668 bono
287 1627 412 1680 patre
449 1640 503 1668 ne
540 1627 785 1682 argumenti
823 1626 996 1682 quidem
1034 1641 1166 1670 causa
1196 1627 1423 1672 referenda

136 1687 250 1740 sunt,
279 1699 359 1727 nec
389 1684 542 1741 dicam,
573 1699 686 1727 >mon
716 1699 844 1741 coges
872 1686 1038 1742 templa
1062 1687 1305 1743 incendere,
1335 1703 1424 1732 non

133 1756 263 1800 coges
313 1744 516 1799 operibus
558 1745 742 1799 publicis
788 1741 943 1788 manus
988 1746 1204 1789 adferre«
1260 1748 1425 1791 leviora

133 1805 250 1846 certe
286 1806 462 1846 nostrae
500 1804 762 1847 auctoritatis
800 1819 894 1847 esse
930 1805 1213 1849 manifestum
1253 1810 1337 1863 est,
1375 1811 1424 1850 ut

134 1863 397 1906 sententiam
428 1863 589 1906 iudices
621 1864 762 1907 dicere
793 1864 962 1920 (liceat,
994 1866 1194 1920 qualem>
1226 1867 1423 1921 velimus,

230 2018 251 2050 2
277 2013 370 2063 (et)
396 2015 444 2051 Pi
468 2018 480 2062 Η
506 2020 526 2051 3
554 2016 624 2062 [et]
655 2016 706 2052 Pi
723 2018 735 2062 ΙΙ
757 2021 800 2052 13
825 2017 999 2054 facienda
1024 2021 1106 2060 AB,
1133 2029 1225 2055 corr.
1252 2019 1340 2063 Aer,
1366 2019 1422 2055 fa-

134 2062 251 2098 tenda
275 2063 346 2098 Sch
364 2064 376 2109 11
398 2067 441 2099 16
468 2063 515 2099 ad
541 2075 608 2100 om.
634 2067 664 2098 A
683 2066 695 2110 ΙΙ
718 2069 759 2100 17
787 2066 911 2101 omnia
936 2068 966 2100 A
985 2066 998 2111 ss
1015 2065 1099 2112 ipsa
1123 2069 1200 2110 AB,
1226 2078 1318 2103 corr.
1333 2068 1424 2104 Seh*

137 2113 181 2144 1⁹
217 2109 366 2146 Bonae
406 2111 722 2147 conscientiae
759 2111 982 2148 indicium
1018 2124 1117 2150 esse
1151 2114 1423 2151 libertatem

135 2159 166 2191 A
182 2158 196 2203 fl
214 2161 259 2192 21
285 2156 532 2206 <im>putant
557 2161 602 2204 (ἓ)
629 2159 684 2195 Gr
702 2160 714 2204 ΙΙ
734 2163 779 2194 22
804 2171 911 2196 veros
937 2163 963 2194 B
995 2162 1007 2206 ΙΙ
1038 2165 1082 2196 23
1110 2161 1166 2197 uti
1191 2173 1234 2198 ea
1260 2166 1425 2208 praeter-

135 2214 255 2250 eaque
280 2205 348 2241 sub
373 2207 495 2251 31126
521 2210 633 2242 mansi
671 2209 698 2240 B
717 2208 730 2252 ΙΙ
749 2211 793 2243 27
820 2207 1091 2244 mediocritatis
1118 2212 1192 2254 AB,
1220 2220 1309 2246 corr.
1342 2210 1424 2253 Ro„

131 2254 603 2347 proponegwRauctodtatis
630 2256 683 2290 vel
703 2255 763 2300 (cf.
779 2256 890 2292 indic.
906 2255 931 2290 1
938 2258 950 2299 )
966 2255 1153 2292 libertatis
1173 2258 1184 2302 Η
1204 2260 1250 2293 28
1273 2256 1426 2305 (liceat,

137 2309 213 2342 qua
228 2309 287 2334 em
379 2312 399 2336 ο

209 2364 395 2397 Quintiliani
416 2366 503 2400 decb,
522 2367 568 2393 ed.
588 2367 695 2393 Ritter.
1188 2367 1210 2398 4

1447 806 1490 838 10

1449 1402 1493 1433 20

1450 1699 1495 1731 25
