1604 2488
253 116 273 156 1
282 115 336 157 58
563 143 566 146 >
729 119 1029 162 QUINTILIANI

338 222 454 265 Haec
486 225 590 265 satis
621 225 747 280 plena
773 225 959 268 defensio
993 230 1114 281 esset,
1155 229 1191 270 si
1222 243 1305 284 qua
1337 243 1415 284 ego
1447 231 1506 272 di·

251 281 468 322 vinatione
499 282 700 336 colligere
731 285 986 339 potuissem,
1016 283 1162 340 utique
1190 287 1437 343 periturum,
1469 289 1503 330 si

249 352 335 379 non
367 339 664 381 reddidissem:
695 341 862 396 decepit
889 356 969 397 me,
1000 343 1111 396 quod
1138 346 1236 386 ante
1259 344 1412 387 fortius
1437 348 1504 387 tu-

251 396 370 438 lerat.
419 411 554 452 neque
586 398 698 439 enim
728 399 808 440 hoc
840 399 944 454 dico,
974 400 1234 443 redditurum
1265 405 1332 444 me
1361 403 1504 458 fuisse,

205 463 225 493 5
251 453 287 494 si
318 455 553 508 periturum
584 459 749 510 patrem
788 457 978 512 scissem3
1017 459 1176 512 optime
1205 462 1348 514 partes
1381 461 1502 503 amici

252 512 542 567 custodissem,
575 514 608 554 si
641 528 726 555 non
757 515 1046 557 reddidissem.

786 651 953 696 GGXG.

445 730 678 775 Abdicans
709 732 952 775 reductum
986 734 1044 776 ob
1076 734 1302 778 furorem.

246 810 507 855 Luxuriosus
528 813 747 856 abdicatus
767 815 905 856 furere
926 815 1076 870 coepit.
1101 816 1298 858 reductus
1322 831 1346 858 a
1364 820 1496 874 patre,

179 878 221 909 10
366 874 539 912 sanatus
572 872 801 914 abdicatur.

653 997 1091 1042 DECLAMATIO.

333 1077 377 1119 Si
415 1079 606 1120 conscius
644 1079 766 1134 mihi,
804 1080 980 1134 iudices,
1011 1081 1141 1122 ullius
1179 1081 1326 1135 culpae
1363 1096 1498 1125 essem

245 1139 419 1190 propter
450 1151 576 1190 quam
608 1137 762 1178 iterum
790 1137 1017 1191 abdicarer,
1049 1139 1167 1180 scitis
1193 1139 1298 1180 mihi
1322 1154 1408 1181 non
1433 1140 1500 1183 de-

245 1194 376 1235 fuisse
407 1194 573 1235 tacendi
603 1195 911 1237 verecundiam.
942 1171 1017 1236 sed,
1043 1195 1168 1237 facile
1195 1195 1278 1238 fuit
1300 1198 1420 1252 prius
1446 1199 1499 1240 si-

177 1261 219 1291 15
245 1251 441 1293 lentium:
482 1252 685 1305 primum,
722 1253 832 1306 quod
865 1253 1087 1306 sperabam
1117 1253 1208 1295 fore
1240 1255 1496 1297 exorabilem

243 1311 428 1363 patrem3
472 1310 638 1362 deinde,
681 1310 791 1364 quod
829 1314 989 1353 eertum
1027 1313 1134 1364 erat,
1176 1315 1350 1366 propter
1387 1314 1498 1367 quod

246 1367 477 1408 abdicarer.
507 1382 620 1409 nunc
644 1368 858 1422 intellego,
887 1369 930 1409 in
956 1369 1113 1410 multas
1139 1383 1206 1410 me
1231 1370 1346 1411 mitti
1369 1384 1496 1425 posse

245 1426 518 1480 suspiciones,
543 1439 636 1466 cum
663 1426 848 1480 expellar
874 1427 926 1468 ab
947 1427 1108 1492 optimo
1128 1429 1266 1481 patre:
1297 1441 1374 1469 nec
1392 1428 1497 1470 mihi

243 1483 330 1524 ullo
370 1483 494 1525 modo
531 1486 699 1537 poterat
735 1484 917 1538 ignosci,
961 1485 997 1525 si
1035 1485 1301 1527 offendissem
1341 1486 1500 1527 statim.

173 1550 218 1582 20
243 1542 336 1582 tota
366 1541 498 1595 igitur
528 1542 694 1582 actione
725 1542 803 1582 hoc
835 1542 941 1583 mihi
973 1542 1243 1584 obtinendum
1275 1546 1356 1585 est·
1390 1543 1497 1585 nihil

243 1612 310 1639 me
341 1598 502 1640 fecisse.
562 1613 638 1640 nec
669 1599 792 1653 mihi,
822 1599 991 1653 iudices,
1023 1600 1067 1641 in
1099 1600 1238 1642 animo
1272 1603 1347 1655 est,
1378 1615 1497 1642 excu-

245 1670 337 1697 sare
374 1656 506 1697 vitam
543 1657 729 1711 priorem
759 1670 836 1698 nec
862 1659 910 1698 ut
934 1671 1000 1698 me
1027 1657 1164 1699 dicam
1188 1672 1417 1712 numquam
1440 1658 1499 1700 di-

241 1727 372 1768 gnum
415 1713 547 1756 fuisse
591 1714 872 1764 abdicatione,
915 1715 986 1756 sed
1024 1717 1072 1756 ut
1109 1729 1176 1756 me
1207 1715 1237 1770 †
1249 1718 1395 1769 putem
1425 1716 1495 1757 diu

241 1771 432 1827 fecisse†
451 1772 703 1814 abdicatum.
735 1772 810 1813 illa
829 1772 969 1825 <non>
988 1773 1183 1827 narrabo,
1209 1787 1335 1827 quam
1360 1773 1494 1814 indul-

335 1889 355 1920 2
381 1886 499 1930 adque
525 1888 577 1920 Aa
595 1887 606 1931 ΙΙ
625 1885 822 1931 petiturum
848 1888 922 1928 AB,
948 1897 1037 1921 corr.
1063 1886 1137 1921 Aer
1155 1886 1166 1930 ΙΙ
1186 1890 1205 1921 3
1231 1885 1430 1922 reddissem
1454 1889 1496 1930 A,

174 1942 181 1945 ’
240 1932 458 1967 reddidisses
483 1936 509 1965 Ρ
545 1933 555 1975 ΙΙ
592 1936 612 1966 8
638 1932 787 1966 ductum
812 1935 851 1976 A,
878 1932 1047 1967 eductum
1071 1935 1098 1966 Β
1125 1934 1137 1978 11
1166 1936 1207 1967 12
1234 1932 1333 1968 illius
1356 1935 1383 1966 B
1411 1933 1422 1977 ΙΙ
1451 1937 1494 1967 13

241 1979 410 2014 abdicare
435 1982 460 2012 B
480 1980 491 2023 ΙΙ
512 1983 554 2013 17
580 1979 662 2014 miti
686 1982 715 2012 A
733 1980 745 2023 ΙΙ
771 1982 813 2013 18
839 1978 982 2023 expella
1005 1981 1035 2012 A
1052 1980 1064 2023 ΙΙ
1085 1983 1127 2014 19
1151 1978 1254 2014 nullo
1277 1981 1330 2012 Aa
1347 1980 1360 2023 ΙΙ
1378 1979 1409 2014 si
1434 1978 1493 2013 off.

239 2025 352 2059 talem
373 2025 418 2070 (ἓ)
444 2025 521 2067 Ro;
557 2026 617 2060 secl
642 2026 686 2068 ef.
713 2025 1022 2076 Pseudo-Quintil.
1049 2026 1132 2061 decl.
1154 2028 1252 2068 9,11
1270 2036 1310 2070 p.
1325 2028 1395 2060 199
1418 2025 1492 2060 Bu.

240 2071 388 2106 abdicas
413 2083 472 2106 me
497 2072 602 2116 pater
626 2072 702 2106 tam
729 2071 824 2106 cito?
857 2082 919 2106 vix
945 2071 1114 2106 salutatis
1139 2071 1276 2107 laribus
1301 2071 1464 2116 expellor
1481 2071 1493 2117 Η

239 2121 283 2152 20
309 2117 539 2152 obiciendum
562 2120 643 2161 AB,
669 2128 757 2153 corr.
783 2117 846 2152 Bu
863 2119 875 2162 ΙΙ
894 2121 937 2152 22
963 2129 1124 2162 unquam
1148 2120 1174 2151 Β
1193 2119 1267 2162 1123
1291 2118 1405 2162 puten
1429 2117 1490 2151 din

239 2162 368 2198 fecisse
392 2167 438 2207 A,
475 2165 599 2208 putem
627 2164 660 2198 d.
686 2163 796 2199 fuisse
821 2166 864 2206 Β,
901 2164 1050 2208 probem
1075 2164 1233 2198 tacuisse
1261 2162 1332 2207 Gr,
1365 2165 1490 2207 putem

239 2209 349 2254 digne
374 2210 484 2245 fuisse
510 2211 584 2254 Ro,
608 2210 795 2254 fortasse*
809 2211 958 2255 probem
985 2210 1093 2255 digne
1118 2210 1247 2245 fecisse
1265 2210 1277 2254 ΙΙ
1295 2190 1339 2244 2'4
1364 2208 1495 2257 (non)

241 2256 290 2290 Pi
308 2257 319 2300 ΙΙ
337 2257 497 2292 narratio
522 2259 547 2290 Β
