1604 2488
394 120 820 159 DECLAMATIONES.
847 120 1121 158 CCLXXXVII.
1321 120 1405 163 153

119 230 273 275 mens?
303 245 393 273 non
419 232 563 274 soluta
587 232 763 274 dextera
788 230 884 274 est?
915 244 1003 273 non
1030 230 1284 285 obstipuisti
1308 244 1407 285 pro-

117 291 214 347 pius
246 291 405 334 scelere
438 291 643 335 admoto?

213 347 297 393 Sed
328 365 414 406 qua
446 365 577 393 causa
609 350 835 393 occidisti?
885 349 1153 405 „violaverat
1185 349 1407 392 matrimo-

116 408 284 464 nium“;
339 409 458 452 adice
498 409 702 466 „frater.“
748 425 836 454 non
877 408 1188 464 continge[re]t
1225 408 1307 451 tibi
1347 408 1408 450 sic
1450 430 1467 447 ο

122 481 252 525 agere
284 469 409 524 quasi
440 470 610 512 marito.
665 473 714 512 tu
746 470 860 512 enim
893 468 1087 524 profecto
1119 482 1297 522 nocens,
1336 468 1409 523 qui
1435 478 1455 510 5

121 542 327 583 sponsam
367 529 587 571 abduxisti
633 530 695 571 sic
739 531 969 572 amantem.
1030 542 1144 570 nunc
1188 527 1410 583 intellego,

120 589 328 643 quantam
359 586 564 630 iniuriam
593 588 771 631 fecerim
801 587 985 645 puellae,
1017 601 1127 643 quae
1160 589 1312 629 coacta
1344 590 1411 628 est

120 649 164 689 te
199 646 361 689 habere
393 648 618 703 maritum,
650 662 746 691 cum
780 647 918 690 altero
951 661 1097 690 carere
1127 660 1217 689 non
1248 649 1410 702 posset.

123 705 265 749 acrius
297 706 567 757 incalescunt
597 708 720 764 ignes
752 707 956 764 legitimi,
996 707 1146 762 utique
1177 720 1275 748 cum
1306 706 1411 748 inci-

122 765 279 808 derunt
303 766 349 808 in
374 766 501 808 rudes
529 767 709 809 animos.
745 766 1067 822 deprehendisti
1092 766 1137 807 in
1165 764 1410 808 adulterio?
1438 775 1483 807 1ο

121 825 157 867 si
188 825 306 867 ullus
341 825 388 867 in
419 828 462 868 te
493 826 633 881 pudor
666 828 748 869 est:
786 826 968 868 maritus
999 825 1159 881 fuerat,
1192 825 1229 866 si
1259 839 1338 880 per
1368 827 1411 866 te

119 884 327 928 licuisset.

583 1001 958 1049 CCLXXXVII·

375 1085 543 1130 Fortis
575 1086 708 1130 filius
739 1085 1033 1142 proditionis
1066 1085 1154 1128 rei.

121 1168 388 1212 Proditionis
427 1185 526 1212 reus
565 1171 724 1213 citatus
769 1173 853 1222 est,
892 1170 966 1225 qui
997 1170 1104 1212 duos
1136 1168 1250 1211 filios
1282 1168 1411 1211 habe-
1439 1178 1482 1209 15

239 1229 334 1284 bat,
372 1243 424 1271 ex
456 1230 612 1284 quibus
646 1230 756 1272 alter
786 1230 959 1272 fortiter
990 1229 1113 1283 fecit,
1152 1228 1262 1270 alter
1294 1228 1411 1270 dese-

239 1287 340 1330 ruit.
384 1289 572 1344 peti<i>t
602 1292 728 1344 pater
760 1304 785 1331 a
816 1289 920 1344 filio,
952 1291 1000 1330 ut
1033 1287 1319 1330 abolitionem
1350 1287 1411 1328 iu-

242 1346 344 1389 dicii
380 1349 561 1402 peteret.
625 1348 698 1390 ille
737 1348 885 1390 fratris
925 1348 1060 1390 vitam
1098 1347 1225 1402 petiit
1262 1348 1306 1389 et
1343 1346 1413 1387 ad-

240 1406 325 1447 fuit
375 1407 505 1462 patri.
582 1407 807 1450 absolutus
857 1409 984 1463 pater
1035 1407 1207 1449 abdicat
1256 1405 1411 1460 filium3

235 1465 310 1507 ille
343 1463 389 1508 C.
415 1465 468 1508 D.
1438 1474 1484 1506 20

650 1548 883 1593 SERMO.

210 1630 283 1673 An
319 1631 527 1687 quidquid
563 1635 690 1688 pater
727 1633 884 1687 voluit,
927 1633 1020 1675 filio
1057 1631 1199 1674 facere
1236 1646 1413 1674 necesse

118 1690 314 1804 {iggitajn
345 1691 436 1733 viro
468 1691 604 1734 forti?
650 1707 704 1734 an
737 1691 929 1734 abdicari
959 1694 1138 1747 propter
1169 1691 1412 1747 praemium

544 1831 994 1876 DEGLAMATIO.
1439 1842 1486 1874 25

210 1913 308 1957 Duo
333 1914 453 1969 haec,
481 1918 530 1957 ut
557 1917 723 1971 opinor,
750 1916 886 1958 obicis
912 1917 1031 1971 mihi,
1057 1919 1200 1972 pater:
1227 1920 1271 1958 et
1298 1917 1414 1972 quod

121 1972 352 2016 desertoris
397 1974 533 2016 vitam
579 1975 822 2029 optaverim
870 1978 914 2017 et
963 1975 1077 2031 quod
1128 1975 1414 2018 abolitionem

121 2032 269 2076 iudicii
299 2047 390 2075 non
423 2035 676 2088 optaverim.
729 2033 891 2090 Optavi
923 2035 1078 2077 vitam:
1119 2038 1227 2090 puta
1257 2050 1412 2078 nocen-

120 2091 193 2148 tis,
225 2092 299 2135 sed
330 2092 491 2135 fratris.
531 2092 664 2136 alieni
691 2108 859 2149 quoque
885 2094 1063 2150 iuvenis,
1096 2095 1288 2150 aequalis
1315 2095 1414 2150 mei,

214 2224 238 2256 4
264 2220 536 2267 continge[re]t
560 2220 618 2256 Ro
638 2222 648 2266 ΙΙ
669 2224 690 2256 8
716 2232 841 2258 carere
865 2233 933 2258 om.
960 2226 986 2257 P
1005 2224 1016 2268 Η
1036 2227 1056 2258 9
1083 2234 1220 2268 posses
1237 2226 1264 2256 P
1282 2223 1294 2266 ΙΙ
1315 2226 1357 2257 11
1386 2222 1410 2256 i.

119 2269 199 2303 tem
223 2280 259 2314 p.
285 2271 340 2303 Aa
358 2270 370 2314 u
390 2273 434 2303 14
459 2280 485 2315 p
513 2269 568 2313 (in
592 2270 724 2314 mary.)
751 2272 782 2303 Δ
799 2270 812 2314 ΙΙ
833 2273 877 2305 15
904 2270 995 2314 quid
1021 2270 1118 2307 filios
1143 2273 1198 2305 Aa
1216 2271 1228 2315 ss
1250 2274 1292 2305 17
1321 2270 1412 2315 *pe-

121 2314 239 2362 ti<i>t
258 2317 270 2362 ΙΙ
290 2320 333 2351 19
358 2316 475 2352 frater
498 2319 525 2349 B
545 2317 558 2362 ΙΙ
577 2320 622 2351 20
647 2317 873 2352 contradicit
897 2320 924 2351 Β
