1604 2488
195 767 237 797 10

198 1056 239 1086 15

193 1345 237 1376 20

192 1634 236 1666 25

265 129 347 171 148
742 130 857 172 QUIN
859 131 1038 167 TILIANI

263 251 363 279 rem.
422 237 517 278 ideo
549 237 661 278 enim
686 251 760 278 vos
794 237 1051 288 sustulimus,
1082 241 1130 279 ut
1161 239 1282 280 nobis
1315 239 1518 294 obsequa-

262 295 378 348 mini,
410 297 452 336 et
483 297 596 336 certe
626 295 768 336 nullus
795 296 1033 336 excusatius
1065 310 1090 336 a
1112 298 1234 349 patre
1263 311 1350 340 non
1367 298 1518 352 proba-

262 352 395 405 bitur,
433 367 560 406 quam
598 353 670 406 qui
706 367 792 394 non
828 354 982 407 probat
1010 355 1189 407 patrem.
1250 355 1411 397 scilicet
1438 371 1517 398 nos

264 410 403 463 stulti,
444 411 515 464 qui
545 411 700 464 forum,
740 411 801 452 rei
831 411 1025 466 publicae
1056 411 1310 466 dignitatem
1339 414 1518 455 tuemur.

265 467 428 509 discede
460 468 514 509 ab
545 468 782 522 insipiente,
813 469 866 510 ab
897 469 1059 511 insano.

352 523 434 567 Sed
458 540 545 567 non
567 541 738 568 necesse
763 526 911 580 habeo,
942 527 1111 581 iudices,
1137 526 1207 568 diu
1225 530 1517 571 commendare

263 583 385 624 vobis
424 584 564 626 officia
601 584 762 638 civilia,
798 585 844 626 in
882 585 1032 639 quibus
1075 585 1160 626 iam
1203 585 1274 627 diu
1311 587 1519 629 satisfeci:

265 642 403 683 omnis
430 642 536 683 mihi
562 642 671 684 actio
697 643 741 684 in
767 642 1028 696 dispicienda
1052 643 1142 684 vita
1167 642 1245 685 filii
1274 645 1416 698 posita
1441 648 1517 687 est.

263 699 419 754 videte,
463 702 511 741 ut
554 700 637 741 alia
680 702 862 754 taceam,
901 700 1096 742 habitum
1133 701 1286 756 ipsum.
1357 705 1518 745 ceteros

265 757 394 810 enim,
426 772 532 811 quos
565 758 761 799 abdicant
790 761 946 813 patres,
979 759 1068 799 sine
1098 759 1340 801 narratione
1371 761 1519 815 culpae

263 815 459 856 abdicare
483 829 570 856 non
594 818 789 869 possunt:
814 816 858 857 in
881 816 961 858 hoc
986 816 1072 858 filio
1099 817 1202 858 satis
1222 820 1287 858 est
1306 817 1359 858 ad
1378 818 1519 860 odium

262 872 458 914 habitum
484 874 716 915 ostendere.
760 875 854 928 quis
880 877 946 915 est
970 874 1051 916 iste
1075 875 1155 916 filii
1178 874 1380 916 habitus?
1411 890 1519 930 quae

263 930 435 972 sordes?
486 931 585 985 quid
628 932 736 973 mihi
778 932 887 973 hanc
929 932 1135 974 invidiam
1175 932 1299 986 facis,
1341 935 1388 974 ut
1423 948 1518 975 cum

262 988 422 1030 habeas
464 991 647 1042 patrem,
691 990 829 1031 cibum
873 990 926 1031 ab
969 990 1064 1031 aliis
1107 990 1258 1044 petas?
1318 992 1519 1033 adversus

265 1046 480 1087 fortunam
517 1050 559 1088 te
597 1048 794 1089 exerces?
850 1047 950 1102 quid
990 1048 1101 1089 enim
1133 1047 1318 1089 accidere
1349 1050 1518 1104 gravius

264 1104 436 1158 potest?
467 1104 614 1159 frigus,
639 1105 795 1147 famem
821 1105 991 1160 pateris,
1022 1120 1075 1147 ne
1101 1105 1270 1161 quando
1296 1107 1518 1149 accidant?

264 1165 307 1203 et
336 1162 430 1204 ideo
463 1163 624 1216 aliquid
654 1164 832 1217 pateris,
869 1177 921 1204 ne
953 1163 1121 1217 quando
1152 1163 1401 1217 patiendum
1432 1165 1517 1207 sit?

262 1234 338 1260 vos
358 1234 458 1261 vero
484 1235 594 1262 novo
621 1234 773 1275 genere
801 1221 987 1262 ambitus
1007 1221 1331 1263 admirationem
1349 1222 1521 1264 miseria

262 1279 456 1332 captatis.
521 1278 618 1320 inde
654 1279 731 1320 illa
769 1278 1039 1333 inpudentia,
1076 1279 1188 1333 quod
1225 1280 1519 1322 verecundiam

263 1335 375 1377 inter
424 1337 604 1378 crimina
651 1337 810 1391 ponitis
854 1337 935 1391 †et
978 1337 1309 1391 appellationem
1355 1352 1521 1392 quoque

261 1394 423 1447 passim
439 1409 575 1448 nuper
588 1395 761 1436 dedistis
775 1395 818 1449 †.
837 1395 975 1436 omnis
989 1408 1086 1436 vero
1101 1395 1396 1449 philosophiae
1409 1398 1518 1438 trac-

261 1454 377 1493 tatus
411 1452 574 1493 alienus
607 1453 797 1494 moribus
829 1454 997 1494 nostrae
1029 1453 1216 1495 civitatis
1245 1455 1321 1495 est.
1373 1456 1517 1495 tamen

261 1510 406 1563 utique
437 1510 672 1564 placuerat:
716 1525 854 1552 nonne
886 1511 993 1552 aliae
1025 1514 1162 1552 sectae
1193 1511 1419 1553 iustiores?
1458 1514 1518 1553 at-

262 1567 456 1609 tenderes
492 1567 706 1621 Physicis3
746 1583 985 1623 quaerereS,
1023 1571 1218 1610 utrumne
1255 1569 1365 1623 ignis
1405 1572 1518 1611 esset

262 1624 431 1666 initium
462 1639 614 1676 rerum,
646 1640 699 1667 an
732 1640 830 1667 vero
860 1626 1039 1667 minutis
1072 1626 1208 1667 editus
1241 1629 1284 1667 et
1311 1627 1513 1668 mirabili-

263 1683 341 1723 bus
379 1683 598 1724 elementis
629 1686 856 1737 perpetuus
892 1683 960 1724 hic
997 1684 1196 1737 mundus,
1234 1699 1288 1724 an
1326 1685 1519 1726 mortalis

263 1743 386 1782 esset.
450 1740 649 1782 Viderint
692 1741 782 1782 alii:
822 1754 901 1795 ego
944 1741 990 1782 in
1031 1743 1074 1782 te
1116 1741 1227 1783 hanc
1268 1741 1519 1795 patientiam

262 1798 443 1853 torporis
475 1798 584 1840 ferre
611 1813 697 1841 non
721 1813 907 1853 possum.
956 1800 1000 1840 in
1026 1799 1131 1840 alias
1157 1802 1199 1840 te
1226 1813 1321 1852 spes
1347 1800 1518 1854 sustuli;

263 1856 312 1896 de
344 1856 553 1910 dignitate
586 1859 660 1899 tua
691 1857 944 1910 cogitabam,

355 1997 375 2027 2
401 1995 592 2028 excusatus
618 1996 644 2026 B
669 1995 680 2039 ΙΙ
706 1998 727 2028 4
755 1994 937 2039 dignitate
962 1994 1145 2028 intuemur
1168 1997 1194 2027 B
1218 1995 1231 2038 ss
1257 1997 1277 2028 6
1304 1993 1395 2028 abeo
1420 1996 1450 2027 Δ
1468 1994 1479 2036 ΙΙ
1500 1998 1518 2028 7

264 2039 426 2074 civiliam
451 2043 505 2074 Aa
528 2040 539 2084 ΙΙ
565 2043 585 2074 8
611 2040 689 2085 dis)
712 2043 742 2073 Δ
765 2042 776 2086 ΙΙ
797 2045 841 2075 14
867 2041 999 2085 cybum
1024 2040 1186 2084 itemque
1211 2039 1356 2084 saepius
1379 2042 1406 2072 B
1424 2039 1436 2083 ΙΙ
1455 2051 1518 2084 pe·

262 2087 330 2121 tas.
356 2085 409 2120 IN
434 2085 637 2121 CYNICOS
663 2086 745 2122 adv.
771 2090 800 2120 Δ
831 2088 842 2132 ΙΙ
878 2091 918 2121 17
943 2086 1048 2122 ideco
1074 2089 1103 2119 A
1133 2087 1144 2131 ΙΙ
1174 2084 1344 2130 paterinis
1367 2088 1420 2119 Aa
1444 2087 1456 2130 ΙΙ
1478 2089 1519 2120 18

263 2132 517 2167 adorationem
542 2135 622 2176 AB,
661 2143 750 2169 corr.
777 2133 834 2168 Ro
864 2135 876 2178 [Ι
906 2136 1041 2168 20-21
1067 2133 1219 2175 fortasse
1242 2131 1522 2176 *appellatione

264 2189 408 2222 quoque
441 2179 601 2224 pessima
633 2179 858 2224 perdidistis;
903 2179 1188 2224 appellationem
1218 2189 1278 2222 qu.
1311 2178 1519 2222 passionum

262 2225 476 2269 perdidistis
505 2226 577 2260 Obr
595 2227 607 2271 ΙΙ
625 2230 671 2260 24
695 2226 805 2260 fisicis
830 2229 870 2268 A,
895 2225 1045 2271 phisicis
1064 2227 1165 2258 B-P
1182 2225 1194 2269 ss
1212 2227 1256 2259 25
1281 2223 1519 2259 mutabilibus

262 2271 320 2307 Ro
339 2272 350 2316 ΙΙ
369 2275 413 2306 2ῖ
439 2271 599 2307 viderint
622 2274 659 2307 te
684 2273 729 2306 al.
756 2275 782 2305 P
800 2274 811 2318 ΙΙ
830 2276 874 2307 28
900 2271 1060 2317 corporis
1086 2273 1159 2315 AB,
1185 2281 1274 2307 coo-r.
1303 2271 1360 2305 Ro
