1604 2488
402 106 830 157 DQCLAMATIONES.
857 103 1114 142 CCLXXXVI.
1314 103 1397 146 15].

585 213 927 259 chxxxvl.

398 287 604 331 Adulter
634 286 809 330 fratris
839 298 901 330 ex
932 296 1120 340 sponso.

112 359 361 402 ABDICARE
394 371 454 401 ΕΤ
487 370 725 402 RECUSARE
755 369 936 401 LICEAT.
974 357 1138 399 RAPTA
1170 368 1399 400 RAPToms

233 431 323 462 AUT
364 430 562 462 MORTEM
603 429 756 462 ΟΡΤΕΤ
798 429 888 461 AUT
929 428 1141 460 NUP'HAS.
1203 415 1401 473 Peregri-

232 478 379 521 nantis
413 478 586 534 quidam
616 476 766 520 fratris
799 491 1001 533 sponsam
1034 475 1191 532 rapuit.
1253 476 1400 531 puella

234 537 491 593 deprecante
522 539 644 592 patre
674 536 861 593 raptoris
893 536 1069 591 nuptias
1103 535 1280 590 optavit.
1337 536 1400 578 iu·

233 597 354 640 venis
387 611 608 639 reversum
638 596 816 638 fratrem
857 598 900 638 et
931 596 978 638 in
1009 595 1223 637 adulterio
1255 595 1401 651 depre-

233 656 434 711 hensum,
472 671 569 699 cum
599 670 678 711 pro
711 655 787 698 illo
819 658 943 711 pater
975 655 1297 710 deprecaretur,
1330 669 1400 698 oc-

234 715 350 758 cidit.
402 715 637 758 abdicatur.

645 820 673 864 S
681 821 718 864 Ε
728 820 766 863 R
774 820 820 863 M
828 820 876 863 Ο.

204 892 274 935 An
315 892 479 947 omnia,
520 884 628 948 quae
670 893 876 935 adversus
917 892 1188 935 voluntatem
1228 894 1401 947 patrum

111 952 303 995 admissa
322 954 434 1005 sunt,
454 952 637 994 debeant
657 951 929 994 abdicatione
950 951 1123 1006 puniri‘?
1149 966 1205 994 an
1225 954 1402 1007 propter

112 1011 157 1054 id
189 1011 345 1054 debeat
376 1011 585 1064 abdicari,
617 1010 732 1066 quod
763 1010 860 1066 lege
892 1010 1073 1052 fecerit?

531 1116 980 1160 DEOLAMATIO.

206 1188 438 1232 Feliciores
473 1192 622 1245 patres
664 1189 725 1231 sic
767 1189 895 1232 irasci
936 1189 1093 1231 solent:
1139 1188 1277 1231 »nihil
1310 1203 1398 1231 non

110 1249 253 1292 facere
285 1248 473 1291 debuisti
507 1248 743 1291 seeundum
768 1262 910 1290 meam
935 1248 1225 1291 voluntatem:
1259 1247 1400 1291 obicio

113 1308 195 1350 tibi
234 1322 389 1350 munus
426 1308 571 1350 lucis«
633 1307 766 1350 iactat
805 1322 850 1350 se
889 1309 1082 1362 potestas
1120 1307 1196 1349 illa
1227 1309 1401 1362 patrum

111 1367 246 1409 etiam
276 1367 324 1409 in
354 1367 654 1423 magistratus,
687 1367 819 1408 etia-m
844 1367 890 1408 in
915 1367 1114 1409 victores.
1144 1366 1247 1409 Non
1274 1367 1399 1422 exigo

114 1429 274 1482 tamen,
306 1429 356 1468 ut
385 1426 534 1480 facias,
565 1426 678 1481 quod
710 1425 854 1468 iubeo:
887 1429 1000 1480 peto,
1032 1427 1081 1467 ut
1105 1425 1255 1480 facias,
1287 1425 1402 1481 quod

113 1485 372 1541 rogaverim.
435 1485 558 1535 Quod
598 1485 634 1527 si
672 1488 787 1527 certe
825 1499 913 1527 non
946 1485 1163 1527 sufficeret
1195 1485 1248 1527 ad
1281 1485 1400 1527 abdi-

114 1545 347 1599 cationem,
379 1544 566 1586 multum
598 1545 825 1598 proficeret
856 1544 942 1586 ista
973 1544 1186 1586 defensio:
1218 1559 1307 1587 non
1339 1544 1402 1587 di·

115 1604 191 1659 cit,
222 1606 446 1661 tamquam
476 1603 615 1659 patri:
648 1603 872 1659 „oportuit
902 1602 1087 1658 facere,“
1123 1603 1215 1647 sed:
1247 1604 1402 1659 „licuit

114 1661 265 1718 mihi‚“
306 1665 529 1718 tamquam
572 1662 727 1705 alieno.
789 1663 882 1718 „lex
915 1665 999 1717 est,
1031 1677 1140 1719 quae
1172 1664 1401 1719 permittat

114 1722 406 1765 adulterum
438 1737 547 1765 cum
580 1721 822 1764 adultera
854 1722 1127 1765 occidere.“
1178 1723 1239 1765 sic
1272 1737 1400 1779 agam

113 1781 196 1824 hoc
237 1783 462 1837 tamquam
507 1781 650 1824 caedis
695 1781 904 1824 causam?
967 1782 1082 1838 quod
1121 1782 1161 1824 si
1200 1782 1401 1837 facerem,

113 1840 412 1896 ignosceretur
450 1841 567 1884 mihi.
628 1840 770 1883 Maior
808 1841 867 1883 sit
907 1855 1055 1884 eorum
1087 1842 1284 1897 libertas,
1328 1843 1403 1898 qui

112 1899 285 1954 (ultro)
316 1900 598 1943 matrimonia
628 1900 877 1955 iunxerunt,
918 1901 992 1956 qui
1024 1915 1103 1956 per
1140 1904 1244 1943 vota
1276 1916 1400 1944 vene-

210 1983 230 2014 2
257 1979 411 2023 fortasse
428 1979 448 2001 *
463 1979 523 2015 ad.
541 1979 666 2015 fratris
691 1979 816 2015 uxoris
842 1981 910 2024 (vel
933 1980 1103 2026 fratriae)
1131 1991 1160 2016 e.
1183 1992 1255 2026 sp.;
1282 1981 1341 2017 ad.
1356 1981 1400 2017 fr.

113 2037 272 2073 sponsae
297 2026 394 2069 Aer,·
419 2026 480 2062 ad.
504 2026 548 2062 fr.
570 2038 614 2062 ex
639 2038 775 2080 sponsa
794 2027 853 2062 Ro
871 2029 883 2073 ΙΙ
903 2031 924 2062 5
944 2027 1069 2073 puelle
1088 2030 1119 2062 A
1137 2029 1150 2073 11
1170 2032 1213 2063 11
1236 2029 1402 2065 omnium

110 2077 140 2109 Β
166 2075 178 2120 ΙΙ
205 2078 248 2110 12
275 2073 379 2109 *sint
405 2073 455 2120 (ἓ)
476 2075 487 2120 ΙΙ
515 2078 558 2109 13
584 2074 762 2110 abdicare
786 2077 813 2108 B
832 2075 844 2120 ΙΙ
866 2079 908 2110 17
934 2075 1002 2111 illa
1025 2075 1094 2111 ina
1117 2078 1144 2109 B
1163 2077 1176 2121 ΙΙ
1197 2079 1240 2112 18
1266 2077 1401 2123 exingo

113 2125 167 2156 Aa.
194 2123 206 2168 ΙΙ
236 2125 279 2157 19
306 2120 440 2168 facias]
466 2120 622 2168 patiaris
649 2121 720 2158 Sch
747 2123 760 2168 ΙΙ
786 2125 832 2196 23
859 2122 939 2158 suff.
966 2122 1244 2160 addicationem
1270 2127 1299 2159 A
1318 2126 1330 2170 ΙΙ
1356 2129 1400 2160 21

113 2203 305 2251 proficeris
331 2205 370 2239 et
392 2204 449 2240 ita
473 2205 547 2241 def.
574 2209 637 2249 Aa,
664 2204 856 2251 proficeris
878 2208 930 2240 Ab
949 2206 961 2251 ΙΙ
981 2206 1055 2241 diei
1074 2209 1112 2251 B,
1134 2205 1227 2242 dicis
1247 2207 1306 2243 Ro
1324 2209 1336 2252 ss
1357 2211 1401 2242 25

113 2263 318 2298 nmquam
337 2254 368 2286 A
386 2253 397 2298 ΙΙ
417 2256 461 2288 27
488 2251 681 2300 *<ultro>;
709 2264 759 2288 an
784 2264 865 2290 cum
878 2253 1063 2289 Gronovio
1087 2255 1318 2290 scribendum
1337 2255 1402 2300 qui

114 2298 340 2345 patrimonia
364 2299 464 2335 iunX.
491 2299 557 2345 (?);
584 2300 629 2344 ef.
644 2303 754 2344 12,5,·
779 2311 872 2346 quos
897 2302 1005 2336 matr.
1032 2301 1131 2338 iunx.
1158 2301 1217 2338 Ro
1236 2303 1249 2347 ΙΙ
1267 2303 1358 2338 nota
1376 2306 1402 2335 P

1429 829 1473 862 10

1427 1198 1470 1230 15

1426 1494 1472 1527 20

1427 1792 1472 1823 25
