1578 2470
170 461 191 492 5

212 113 299 154 420
694 75 995 154 cummmm

303 218 667 267 Quemadmodum
704 217 891 259 occidere
931 217 1054 259 volo?
1115 217 1348 260 conducam
1379 232 1470 272 per-

214 277 459 319 cussorem?
490 276 724 318 insidiabor
743 275 1061 330 peregrinanti?
1090 275 1198 317 nihil
1215 274 1366 318 horum
1386 277 1470 317 est:

215 349 331 377 meas
370 349 519 375 manus
556 334 733 389 inquino
766 336 808 374 et
839 333 899 374 810
930 347 1034 387 paro
1066 347 1290 388 venenum,
1326 335 1375 374 ut
1406 333 1472 374 de-

215 393 465 447 prehendar.
525 395 690 434 secreta
720 394 819 432 sunt
849 391 1155 445 parricidarum
1185 391 1354 433 scelera.

304 449 415 504 „Gur
446 463 560 505 ergo,
591 450 741 504 inquit,
771 463 978 490 venenum
1009 447 1257 490 habuisti?“
1293 448 1327 491 Ο
1352 449 1473 490 mise-

219 523 311 550 ram
341 508 586 550 liberandae
614 507 926 549 adulescentiae
945 521 1064 548 meae
1085 508 1244 548 sortem
1275 508 1319 548 et
1347 506 1473 548 malis

218 581 385 621 quoque
428 566 533 620 ipsis
573 566 766 607 tristiora
805 565 1011 607 remedia!
1074 564 1357 606 excusandum
1396 566 1474 617 est,

219 624 331 678 quod
361 638 413 666 ne
446 624 662 677 diluerem,
693 623 802 664 mori
826 623 1061 664 volueram:
1092 625 1135 664 et
1159 622 1335 664 ultimae
1360 622 1474 677 cogi-

218 682 406 723 tationes
439 672 691 723 revdcantur
723 681 774 722 ad
799 681 991 722 iudicem.
1031 681 1158 734 paulo
1184 680 1323 722 minus
1348 694 1475 734 quam

151 750 194 781 10
218 742 318 795 post
354 740 446 781 fata
484 754 675 781 arcessor
710 753 818 781 reus.
879 738 951 780 sed
982 753 1035 780 ne
1066 738 1214 780 fallam
1243 740 1303 789 te,
1341 739 1475 792 pater,

150 1038 194 1071 15

149 1330 194 1361 20

151 1620 195 1651 25

218 797 482 852 respondebo
514 798 655 839 verbis
686 797 884 838 fortunae
916 810 1047 851 meae,
1076 795 1340 851 respondebo
1365 795 1476 849 quod

218 857 348 909 soleo,
373 856 416 897 id
443 859 520 910 est,
545 870 632 897 non
659 855 767 896 alius
792 869 901 908 reus,
926 869 1053 908 quam
1077 855 1207 896 filius:
1233 853 1341 895 mori
1365 854 1475 895 volo.

218 914 252 955 Ο
285 917 444 968 quanto
476 914 644 955 facilius
676 913 754 954 tibi
794 913 944 954 mortis
976 926 1141 966 causas,
1183 926 1310 966 quam
1341 911 1476 964 parri·
1502 918 1505 921 '

218 972 318 1014 cidii
348 972 539 1014 reddam!
589 972 719 1012 immo
751 971 913 1025 passim
945 970 1132 1011 obiectas
1165 972 1207 1011 et
1236 969 1476 1024 publicatas

218 1032 388 1072 tantum
419 1044 507 1071 non
537 1030 742 1071 transibo.
797 1029 905 1069 mori
934 1028 1061 1069 volui.
1116 1027 1284 1082 quaeris
1316 1026 1475 1081 quare?

218 1089 318 1142 quia
356 1090 482 1129 natus
524 1102 618 1129 sum
657 1087 709 1129 ad
749 1086 942 1127 miserias
985 1086 1227 1139 hominum,
1272 1084 1477 1138 incendia,

216 1146 462 1200 naufragia,
494 1146 617 1186 bella.
667 1144 829 1198 felices,
867 1144 941 1197 qui
972 1158 1048 1185 suo
1080 1143 1258 1184 arbitrio
1290 1142 1476 1184 moriun-

218 1206 299 1245 tur.
347 1202 520 1258 »Scipio
529 1236 540 1257 ,
570 1203 720 1257 inquit,
752 1203 858 1243 bene
889 1202 1048 1242 habet«
1079 1200 1200 1256 (puto
1234 1200 1334 1254 quia
1363 1200 1478 1242 ultra

220 1264 488 1316 pugnaturus
519 1275 607 1303 non
638 1260 747 1314 crat)
782 1259 909 1302 Cato:
940 1274 1043 1300 num
1075 1261 1118 1300 et
1148 1259 1223 1300 ille
1253 1257 1477 1312 peccavit?

220 1320 331 1362 idem
364 1320 459 1373 feci,
490 1319 602 1374 quod
634 1318 752 1361 Cato.
814 1318 866 1359 ad
898 1318 1081 1372 quietem
1113 1316 1193 1358 hoc
1223 1316 1307 1358 iter
1338 1318 1404 1358 est
1434 1318 1478 1356 et

221 1378 355 1419 dulcis
400 1378 608 1432 quaedam
655 1377 706 1418 ad
751 1376 1020 1418 securitatem
1062 1375 1143 1416 via.
1205 1388 1335 1429 quare
1371 1373 1480 1415 mori

219 1436 427 1478 voluerim
458 1435 655 1490 quaeris?
693 1436 763 1476 en!
795 1435 894 1488 quia
924 1434 1036 1487 vivo,
1066 1447 1162 1474 reus
1195 1446 1299 1474 sum.
1350 1445 1479 1486 quare

220 1494 330 1536 mori
375 1494 519 1536 volui?
581 1493 695 1535 vides
740 1493 866 1543 enim,
912 1506 962 1533 ex
1001 1493 1101 1533 voto
1147 1490 1478 1532 adulescentiam

221 1566 413 1607 egeram:
443 1551 552 1593 nihil
583 1565 787 1606 umquam
819 1564 886 1591 me
919 1549 1105 1601 offendit,
1137 1562 1394 1602 quamquam
1418 1547 1480 1588 in-

220 1611 348 1651 terim
391 1612 433 1651 et
477 1609 661 1651 secunda
705 1609 757 1650 ad
800 1607 1029 1662 u<er>sum
1073 1607 1252 1658 me[um]
1298 1605 1481 1659 faciunt3

222 1668 424 1722 quidquid
449 1667 599 1722 rogavi
623 1669 677 1719 te,
702 1668 835 1720 pater,
862 1667 991 1707 etiam
1016 1665 1130 1706 solus
1157 1663 1337 1705 exoravi.
1377 1676 1481 1718 pace

222 1726 458 1767 maiestatis
497 1728 595 1766 tuae
627 1724 786 1766 dictum
819 1724 891 1765 sit:
933 1737 1019 1764 non
1050 1736 1193 1763 omnes
1225 1724 1316 1763 tam
1346 1720 1481 1762 fortes

222 1798 387 1837 sumus,
423 1797 511 1824 non
550 1796 696 1824 omnes
734 1781 846 1823 bella
878 1780 1082 1822 sustinere
1113 1793 1349 1834 possumus.
1410 1777 1483 1820 sed

226 1856 314 1884 non
347 1842 538 1896 quisquis
571 1840 759 1882 occidere
789 1839 959 1881 hostem
983 1852 1071 1879 non
1096 1839 1250 1892 potest,
1280 1836 1482 1878 continuo

319 1983 335 2013 1
367 1979 678 2023 quemadmodum
704 1978 742 2012 et
767 1988 840 2015 occ.
863 1980 889 2010 Β
909 1978 920 2021 ΙΙ
941 1980 960 2011 7
981 1975 1166 2010 strictiora
1184 1977 1210 2008 B
1228 1975 1242 2019 ΙΙ
1261 1978 1304 2009 10
1323 1983 1486 2008 arcersor

225 2029 303 2070 ΔΒ,
331 2036 496 2060 arcessor
521 2029 547 2059 P
565 2026 576 2070 ΙΙ
599 2029 639 2059 12
667 2034 749 2058 reus
775 2035 840 2059 om.
867 2026 893 2056 B
912 2025 924 2068 ΙΙ
946 2026 987 2057 13
1012 2021 1174 2056 facillius
1198 2024 1228 2054 Δ
1245 2022 1258 2065 ΙΙ
1277 2024 1321 2054 14
1345 2019 1485 2055 subiec-

228 2076 286 2107 tas
311 2075 336 2106 B
356 2073 367 2116 {l
389 2076 431 2107 15
457 2073 583 2107 tamen
607 2074 633 2104 P
653 2071 665 2114 ΙΙ
686 2075 727 2105 19
753 2071 979 2114 pugnaturus
1004 2067 1102 2103 ultra.
1125 2070 1151 2101 B
1181 2067 1193 2112 ΙΙ
1222 2078 1310 2101 1111111
1334 2076 1399 2101 om.
1424 2069 1450 2099 P
1475 2066 1485 2111 l}

227 2122 271 2154 22
298 2118 420 2154 vivam
446 2121 523 2163 ΔΒ,
550 2129 640 2153 corr.
667 2117 721 2152 Gr
751 2118 762 2162 ΙΙ
793 2127 854 2159 110,
880 2116 969 2160 quia
992 2115 1132 2157 vivam,
1157 2126 1185 2148 r.
1211 2113 1280 2147 sim
1305 2111 1375 2147 Sch
1401 2113 1413 2157 11
1441 2116 1485 2147 23

225 2164 335 2200 iudex
359 2169 384 2198 P
415 2166 426 2209 ΙΙ
461 2168 507 2199 24
533 2175 658 2209 egram
680 2166 719 2208 Β,
745 2174 894 2208 aegram
919 2166 944 2195 P
979 2163 992 2205 ΙΙ
1026 2160 1182 2198 nihilum
1207 2170 1319 2204 quam
1341 2161 1368 2192 B
1398 2159 1410 2203 ΙΙ
1441 2162 1486 2193 25

227 2211 426 2246 secundum
451 2214 477 2244 B
503 2213 514 2256 ΙΙ
540 2212 586 2245 ad
611 2221 717 2245 usum
742 2221 864 2244 meum
889 2211 962 2251 ΔΒ,
988 2218 1078 2243 corr.
1093 2207 1162 2241 Sch
1179 2207 1191 2251 ΙΙ
1211 2210 1254 2240 26
1279 2205 1426 2249 rogavit
1449 2205 1487 2239 et

226 2259 332 2303 pater
356 2259 517 2302 A13u2‘1
542 2260 667 2292 tamen
691 2259 717 2289 B
