1604 2488
201 489 220 519 5

177 778 220 809 10

179 1078 220 1109 15

179 1368 222 1399 20

178 1658 222 1688 25

250 118 332 159 180
726 118 1023 161 QU1NT1L1AN1

755 223 999 267 GCXGIX.

587 292 700 336 Ossa
729 294 866 337 eruta
895 294 1168 348 parricidae.

245 364 529 406 PARRICIDAE
561 375 804 406 INSEPUL‘H
835 375 1124 407 ABIOIANTUR.
1162 376 1382 409 SEPULCRI
1405 379 1505 409 vro-

363 434 472 463 LATI
520 433 589 464 srr
635 434 786 464 ACTIO.
855 422 1069 464 Decedens
1108 425 1230 476 pater
1286 425 1505 467 mandavit

363 481 476 522 filiae
507 480 730 534 ultionem,
761 480 902 522 dicens
935 494 978 521 se
1012 479 1191 533 duorum
1221 482 1406 525 filiorum
1418 498 1503 525 -ve-

362 552 473 580 neno
499 538 646 593 perire.
676 538 817 592 puella
836 553 931 580 reos
951 538 1196 593 postulavit.
1225 539 1336 582 inter
1359 555 1501 583 moras

363 611 470 638 unus
504 611 547 638 se
579 596 732 638 occidit
763 598 805 637 et
836 596 1024 650 sepultus
1058 599 1123 638 est
1153 597 1197 638 in
1227 601 1502 641 monumento

362 654 584 696 maiorum.
634 654 814 695 alterum
845 668 940 695 cum
971 654 1217 697 damnasset
1247 658 1290 698 et
1320 656 1504 711 insepul-

362 717 453 753 tum
484 711 746 765 proiecisset,
776 713 863 753 eius
897 726 1072 766 quoque,
1105 713 1177 766 qui
1203 713 1392 767 sepultus
1417 715 1504 756 fue-

362 772 444 823 rat,
487 783 584 811 ossa
624 770 734 812 eruit
774 772 817 811 et
856 770 1022 812 abiecit.
1091 774 1314 813 accusatur
1355 772 1503 814 violati

364 828 557 882 sepulcri.

768 885 795 927 S
804 885 839 927 E
849 885 993 927 RMO.

333 953 402 995 An
428 957 654 1009 utcumque
681 955 892 1009 sepultum
919 969 1061 996 eruere
1086 969 1173 996 non
1197 955 1354 997 liceat?
1387 970 1442 998 an
1468 957 1505 998 ei

245 1026 331 1053 non
349 1012 528 1065 licuerit,
549 1027 654 1066 quae
674 1012 814 1066 potuit
836 1013 1154 1067 (sepulturam)
1167 1013 1422 1068 prohibere?
1449 1029 1504 1056 an

247 1070 387 1124 etiam,
419 1069 522 1123 <ut>
547 1085 632 1112 non
658 1070 746 1111 iure
771 1070 899 1112 fuerit
925 1070 1144 1124 sepultus?
1174 1070 1272 1112 hinc
1297 1071 1501 1126 speciales

247 1127 528 1182 quaestiones,
552 1131 693 1169 utrum
718 1128 786 1169 lex
812 1128 1059 1169 damnatum
1083 1130 1252 1169 tantum
1275 1129 1504 1183 parricidii,

247 1200 301 1226 an
319 1199 465 1227 revera
483 1185 737 1239 parricidam
756 1185 981 1239 prohibeat
996 1185 1191 1240 sepeliri?
1217 1200 1271 1227 an
1286 1186 1359 1229 ille
1373 1188 1506 1240 parri·

247 1243 341 1285 cida
370 1243 527 1284 fuerit?
579 1244 622 1284 in
652 1243 734 1285 hoc
764 1243 1015 1297 probativae
1047 1243 1165 1297 duae,
1196 1244 1332 1287 altera
1362 1248 1504 1298 παθη-

245 1298 362 1355 τική,
407 1301 543 1343 altera
572 1298 869 1355 πραγματική,
912 1301 956 1342 id
988 1303 1069 1352 est,
1103 1301 1295 1343 adfectus
1327 1305 1369 1344 et
1399 1302 1503 1344 iuris

247 1359 527 1413 quaestiones.
560 1374 612 1400 an
639 1359 862 1401 damnatus
888 1359 944 1400 sit
970 1373 1046 1400 sua
1074 1360 1293 1414 sententia,
1325 1360 1398 1415 qui
1424 1361 1505 1402 sibi

247 1431 398 1458 manus
436 1417 610 1459 attulit?
673 1432 726 1459 an
765 1419 807 1458 et
844 1417 893 1458 de
925 1417 1001 1459 illo
1035 1417 1268 1459 iudicatum
1298 1417 1374 1472 sit,
1412 1432 1508 1460 cum

246 1475 378 1516 frater
409 1475 497 1516 eius
531 1475 746 1517 convictus
780 1475 864 1516 sit?
909 1489 963 1516 an
994 1489 1081 1516 non
1111 1475 1250 1529 possit
1281 1476 1507 1530 quisquam

246 1535 439 1574 mortuus
472 1533 692 1574 damnari?
731 1533 860 1574 etiam
893 1536 938 1574 ut
972 1532 1079 1574 alius
1111 1547 1236 1575 nemo
1267 1533 1422 1587 possit,
1454 1549 1508 1575 an

247 1590 391 1644 <11011>
423 1590 460 1632 is
491 1591 636 1644 utique
666 1591 873 1645 potuerit,
905 1591 977 1644 qui
1007 1590 1052 1631 in
1084 1594 1203 1632 reatu
1234 1591 1373 1646 periit.
1410 1592 1507 1644 †ul-

247 1647 375 1689 timae
406 1648 590 1703 pelagi†
623 1649 818 1702 qualitas,
850 1649 894 1689 in
926 1662 1009 1702 qua
1035 1649 1169 1690 totius
1196 1650 1506 1691 controversiae

247 1706 359 1747 vires
391 1708 507 1747 sunt:
540 1706 662 1760 quale
680 1706 805 1747 huius
825 1705 996 1759 factum,
1028 1710 1171 1747 utrum
1190 1707 1314 1748 venia
1333 1707 1507 1762 dignum

248 1778 302 1804 an
333 1763 606 1805 damnatione
639 1763 723 1805 sit?
784 1764 829 1804 in
860 1778 942 1818 qua
973 1764 1227 1806 tractatione
1258 1765 1508 1818 παθητικῶς

246 1835 324 1875 pro
355 1836 400 1863 re
431 1822 604 1876 publica
634 1822 952 1876 indignandum,

341 1893 363 1924 4
388 1890 494 1934 pater
517 1900 581 1925 om.
609 1893 634 1922 P
659 1891 670 1935 ΙΙ
696 1893 716 1924 6
741 1900 863 1924 moras
889 1888 1070 1936 <iudicii>
1094 1889 1150 1924 Ro
1169 1890 1180 1933 ΙΙ
1202 1879 1227 1924 ‘7
1252 1889 1359 1924 unius
1380 1891 1410 1923 B
1429 1891 1440 1934 ΙΙ
1466 1893 1509 1924 10

249 1941 290 1971 Ν
319 1938 349 1969 A
379 1936 391 1980 ss
424 1940 467 1970 14
491 1934 776 1982 (sepulturam)
801 1935 858 1970 Ro
886 1937 897 1980 ΙΙ
930 1939 973 1970 15
998 1937 1172 1978 qutatu
1196 1938 1226 1969 A
1253 1937 1265 1979 ΙΙ
1294 1935 1431 1982 *<ut>;
1462 1947 1509 1971 an

248 1981 359 2016 etiam
384 1981 503 2028 (ille)
527 1992 601 2016 non
626 1981 648 2017 i.
670 1982 693 2016 f.
722 1981 910 2026 sepultus?
935 1981 992 2016 Ro
1010 1982 1021 2026 ss
1043 1985 1084 2017 17
1104 1981 1170 2016 illa
1187 1985 1214 2016 B
1233 1983 1244 2028 11
1265 1985 1307 2017 18
1325 1982 1508 2027 pateticae

247 2031 288 2070 A,
313 2029 525 2072 patheticae
545 2031 571 2061 B
591 2029 602 2072 ΙΙ
624 2032 665 2063 19
685 2029 935 2073 pragmaticae
961 2031 1002 2072 A,
1027 2029 1252 2072 premathice
1276 2031 1303 2062 B
1321 2029 1334 2074 ΙΙ
1352 2031 1397 2063 20
1422 2039 1507 2063 suae

248 2074 453 2109 sententiae
478 2078 504 2108 B
525 2076 597 2119 1122
624 2074 840 2109 coniunctus
865 2078 891 2108 B
910 2075 921 2119 11
940 2077 1064 2119 posset
1087 2076 1138 2119 ΒΙ
1164 2079 1207 2110 23
1233 2074 1324 2110 alias
1348 2076 1388 2118 A,
1414 2074 1508 2109 filios

246 2123 285 2163 B,
311 2131 401 2155 corr.
428 2125 520 2156 auct.
542 2122 666 2156 incert.
691 2132 750 2165 ap.
777 2122 852 2156 Aer
870 2123 882 2166 ΙΙ
907 2125 953 2156 24
979 2127 1007 2173 q
1033 2124 1061 2154 A
1085 2122 1096 2164 n
1141 2120 1242 2167 non>
1265 2120 1323 2156 Ro
1339 2121 1353 2165 ΙΙ
1371 2123 1508 2156 24—25

247 2166 380 2201 ultima
404 2167 594 2212 peragitur
618 2179 677 2211 qu.
703 2168 780 2202 edd.
802 2179 825 2202 a
848 2168 1037 2210 Pithoe‘na,
1063 2167 1195 2202 ultima.
1213 2166 1338 2202 delicti
1358 2178 1418 2211 qu.
1439 2167 1508 2209 Ro,

248 2223 298 2293 aliz
316 2212 475 2248 *ultima
499 2213 594 2249 solet
613 2213 751 2258 (debet)
771 2213 901 2258 peragi
926 2225 985 2258 qu.
1007 2213 1055 2258 (ἓ)
1075 2214 1086 2259 ΙΙ
1105 2217 1149 2249 27
1174 2212 1354 2258 pateticos
1379 2216 1419 2258 A,
1444 2224 1507 2258 pa-

247 2260 264 2293 t
293 2258 405 2294 eticos
430 2262 456 2292 B
