1578 2470
470 95 898 134 DECLAMATIONES.
920 95 1138 133 CCCLXXI.
1359 95 1446 139 407
1480 107 1481 110 ’

674 215 939 262 GCGLXX.

348 299 503 355 Rapta
542 299 860 355 competitrix
891 299 1060 344 divitis
1091 300 1238 344 filiae.

159 383 399 428 INSORIPTI
447 395 693 426 MALEFICII
738 395 809 427 SIT
854 395 1010 427 ACTIO.
1078 396 1158 435 QUI
1201 394 1449 426 INGENUAM

281 454 616 499 s'ruPRAvnnrr,
646 455 742 486 DET
774 455 933 487 DECEM
964 455 1110 487 MILIA.
1163 443 1372 498 Pauperis
1405 445 1449 485 et

282 503 430 546 divitis
456 503 572 545 filiae
597 503 805 558 petebant
826 503 1129 547 sacerdotium.
1164 517 1315 545 rumor
1342 505 1447 557 erat,
1474 512 1495 544 5

281 562 484 618 pauperis
510 562 644 605 filiam
670 562 863 605 futuram
883 563 1162 605 sacerdotem.
1204 577 1300 605 eam
1326 577 1448 617 para-

283 622 393 664 situs
437 621 516 664 sub
549 622 661 664 diem
703 623 976 665 comitiorum
1015 623 1173 678 rapuit.
1229 621 1346 664 dives
1386 621 1448 663 of-

284 681 368 723 fert
409 695 488 737 pro
534 696 584 724 eo
623 681 770 724 decem
807 681 940 724 milia.
1007 682 1204 736 inseripti
1244 680 1448 723 maleficii

282 755 380 782 reus
413 742 489 782 est.

579 810 1031 855 DECLAMATIO.
1476 821 1520 853 10

252 892 378 949 „Non
416 897 500 949 est,
537 895 698 950 inquit,
742 895 1017 951 inscriptum,
1055 896 1158 950 quia
1195 898 1313 937 certa
1353 895 1450 949 lege

164 952 526 1008 comprehensum
570 954 674 996 est.“
735 954 828 997 Hoc
867 954 1029 996 diceret
1066 957 1234 1009 raptor,
1279 955 1316 996 si
1354 968 1450 996 eum

162 1011 241 1054 illo
281 1026 466 1068 agerem.
529 1013 603 1054 sed
643 1014 769 1056 aliter
805 1028 973 1056 meeum
1011 1014 1094 1056 tibi
1127 1013 1451 1056 consistendum

163 1073 243 1113 est.
303 1086 454 1127 rapere
487 1073 601 1114 enim
633 1073 844 1115 usitatum
876 1076 960 1116 est:
1004 1073 1199 1115 subicere
1229 1075 1450 1128 raptorem

162 1144 336 1174 novum.
384 1146 622 1186 numquam
653 1131 736 1174 hoe
767 1133 949 1175 timuere
981 1133 1180 1175 maiores.
1478 1142 1521 1173 15

666 1260 950 1305 GCCLXXI.

323 1342 431 1386 Viri
463 1342 612 1387 fortis
643 1344 797 1399 pater,
829 1355 942 1388 reus
974 1343 1282 1400 proditionis.

165 1426 410 1470 ABDICARE
437 1438 621 1470 LICEAT.
653 1440 731 1470 VIR
757 1439 923 1472 FORTIS
951 1440 1100 1471 ΟΡΤΕΤ
1127 1440 1256 1480 QUOD
1282 1439 1451 1471 VOLET.

286 1486 367 1536 Qui
399 1487 658 1542 proditionis
684 1490 853 1543 patrem
884 1503 1005 1530 reum
1036 1488 1246 1543 habebat,
1277 1487 1453 1530 fortiter

283 1545 505 1602 pugnavit.
567 1549 751 1602 rogante
783 1549 920 1602 patre,
960 1549 1010 1589 ut
1042 1550 1216 1603 optaret
1249 1547 1450 1590 abolitio·
1478 1557 1524 1589 20

284 1619 385 1647 nem
429 1619 567 1661 suam,
611 1621 698 1648 non
742 1607 929 1662 optavit,
974 1606 1049 1649 sed
1092 1607 1138 1648 in
1176 1607 1334 1649 iudicio
1378 1621 1451 1648 reo

286 1664 435 1706 adfuit.
469 1665 693 1708 absolutus
725 1669 849 1720 pater
882 1665 1056 1708 abdicat
1086 1666 1236 1708 filium.

579 1782 1032 1827 DEGLAMATIO.

257 1865 370 1917 Quid
399 1867 588 1922 peceavi,
620 1881 694 1909 our
727 1867 930 1910 abdicer‘?
983 1882 1087 1909 num
1120 1867 1348 1909 adversum
1380 1882 1451 1921 pa-

163 1927 298 1968 triam
340 1926 457 1968 iners
496 1925 621 1968 sum?
676 1926 871 1968 luxuriae
911 1926 1099 1981 deditus,
1145 1926 1261 1968 bella
1300 1925 1451 1981 fugio?
1479 1936 1523 1968 25

168 2000 224 2027 an
265 1985 470 2027 adversus
509 1987 677 2039 patrem
715 1985 902 2040 impius?
959 1999 1067 2028 reor.
1129 1985 1174 2026 in
1213 1999 1297 2040 qua
1327 1987 1451 2040 parte

265 2106 286 2137 6
313 2112 416 2137 earm
442 2103 472 2135 A
490 2101 503 2146 ss
523 2105 542 2136 7
568 2100 863 2136 ministeriorum
887 2104 932 2145 B,
959 2101 1223 2147 mysteriorum
1249 2105 1275 2135 Ρ
1305 2103 1318 2147 ΙΙ
1351 2105 1372 2137 8
1396 2101 1453 2136 iit

166 2149 274 2187 milia
300 2152 355 2184 Aa
372 2150 384 2195 ΙΙ
403 2147 578 2194 inseris)
601 2151 631 2182 A
661 2149 674 2195 ΙΙ
707 2152 748 2183 11
777 2148 959 2194 scriptum
983 2151 1071 2183 AaB
1091 2150 1104 2194 11
1129 2151 1228 2185 certe
1254 2152 1332 2193 AB,
1359 2159 1451 2184 corr.

167 2197 245 2232 Aer
277 2198 290 2240 ΙΙ
323 2200 366 2232 12
393 2196 555 2231 dicerem
579 2198 606 2229 B
637 2197 650 2240 ΙΙ
683 2200 725 2231 13
752 2196 952 2232 consisto
978 2199 1009 2230 A
1033 2198 1045 2240 ΙΙ
1073 2200 1116 2231 15
1141 2208 1306 2241 unquam
1331 2200 1358 2230 1²
1376 2199 1388 2241 ΙΙ
1407 2200 1450 2231 21

141 2283 143 2287 y
167 2255 254 2279 reus
278 2247 306 2278 B
325 2246 401 2288 1124
428 2244 604 2279 adversus
629 2247 655 2276 P
673 2244 686 2288 ΙΙ
705 2247 750 2279 26
775 2242 842 2291 <id
867 2246 968 2279 certe
993 2255 1067 2279 nou
1093 2243 1250 2291 ve>reor
1276 2245 1363 2287 Aer,
1389 2245 1451 2287 css.

167 2291 262 2326 Inst.
289 2302 339 2327 or.
377 2291 494 2334 VIII,
515 2293 548 2333 3,
568 2293 637 2333 2⁶2·
661 2292 722 2326 secl
747 2291 792 2334 cf.
819 2291 879 2334 II,
900 2295 959 2334 16,
979 2296 1001 2327 9
