1604 2488
467 104 892 141 DECLAMATIONES.
930 103 1084 140 eccm.
1341 103 1425 146 193

259 214 374 257 filius
399 214 475 256 ille
501 214 702 256 deseruit.
743 214 839 256 vult
866 213 1048 256 eundem
1074 213 1204 254 tertio
1230 213 1426 267 praemio

261 273 461 317 sacerdos
482 273 686 329 liberare3
713 273 825 328 petit
843 273 1037 328 praemio
1057 272 1124 314 vir
1143 272 1270 315 fortis
1289 275 1426 327 pater,

262 336 312 376 ut
344 333 580 376 occidatur.

563 485 1009 529 DECLAMATIO.

229 581 339 624 Utra
378 582 447 623 lex
486 580 735 636 antiquior?
778 581 884 623 belli
922 581 1072 636 utique
1110 580 1244 635 prior,
1291 594 1431 622 sacer·
1457 591 1477 622 5

139 641 306 684 dotium
338 640 456 695 pacis
487 654 556 682 res
589 642 664 683 est.
725 642 802 683 tua
833 640 886 682 ad
918 655 1051 682 unum
1082 640 1288 695 pertinet,
1323 640 1430 681 haec

141 700 195 743 ad
233 714 395 743 omnes.
458 699 567 741 mihi
603 700 670 742 lex
709 699 854 755 debet,
898 703 947 742 tu
984 699 1083 755 legi.
1145 699 1283 741 utrius
1319 699 1429 754 legis

142 759 224 802 hoc
254 757 459 814 tempus?
510 772 590 814 ego
624 758 797 814 dignior
830 774 926 801 sum
957 758 1171 814 praemio,
1209 772 1339 812 quam
1370 762 1430 799 tu.

142 833 211 860 me
242 818 336 860 viro
369 818 476 860 forti
507 818 694 873 contigit
723 818 918 873 victoria,
950 821 993 859 te
1027 817 1249 859 sacerdote
1276 817 1431 859 admis-

143 892 239 919 sum
267 877 555 932 sacrilegium.
593 877 814 919 Hactenus
841 877 893 919 de
918 877 1133 933 personis:
1158 879 1431 918 transeamus
1460 886 1504 918 10

144 936 198 979 ad
217 936 447 991 optionem.
485 950 566 991 ego
592 936 721 979 hodie
740 937 928 992 primum
949 939 1065 991 opto,
1093 939 1143 977 tu
1162 936 1229 977 bis
1250 935 1434 990 optasti3

143 998 187 1038 et
231 1008 313 1050 ego
358 995 515 1037 melius
554 998 658 1050 opto
697 995 930 1038 desertoris
969 997 1172 1049 mortem,
1216 1009 1346 1050 quam
1384 997 1434 1036 tu

143 1054 279 1097 vitam
318 1054 531 1110 sacrilegi.
594 1055 807 1110 sacerdos,
839 1057 986 1097 castra
1018 1054 1206 1096 vindico:
1238 1053 1354 1096 disce
1386 1056 1434 1095 tu

143 1113 360 1156 vindicare
400 1113 575 1168 templa.
641 1114 778 1169 [quid,
829 1114 866 1156 si
911 1116 1062 1157 contra
1106 1114 1247 1169 legem
1291 1113 1434 1168 petis?

143 1173 271 1215 unius
308 1173 444 1214 vitam
483 1173 571 1214 iam
603 1175 672 1215 ter
704 1173 897 1227 optasti]
956 1173 1206 1227 comparavi
1238 1173 1434 1227 publicas
1463 1182 1507 1214 15

145 1245 365 1286 personae,
384 1245 496 1273 nunc
514 1231 944 1287 compa<rabo>rem.
976 1235 1026 1274 tu
1047 1234 1171 1286 optas
1186 1246 1436 1286 numquam,

145 1290 230 1332 nisi
254 1289 306 1332 de
332 1290 491 1332 alieno:
524 1303 604 1346 ego
630 1291 682 1333 de
708 1306 816 1333 meo.
859 1290 1021 1346 <quid‘2
1054 1291 1091 1332 si
1117 1293 1268 1333 contra
1293 1291 1436 1346 legem

145 1349 289 1404 petis?
320 1349 448 1392 unius
480 1350 617 1392 vitam
648 1350 736 1392 iam
767 1353 837 1392 ter
867 1349 1074 1405 optasti.)

237 1420 511 1476 Quamquam
544 1421 647 1476 quid
673 1421 782 1462 mihi
807 1435 905 1463 cum
930 1422 1055 1478 lege?
1088 1420 1190 1463 dum
1217 1435 1270 1463 ne
1291 1420 1438 1462 veniat

151 1479 318 1522 adulter
348 1479 439 1534 ille,
467 1479 543 1522 ille
576 1480 825 1536 sacrilegus,
858 1481 930 1522 ille
965 1480 1160 1523 desertor
1186 1480 1232 1522 in
1258 1482 1436 1536 penates
1464 1490 1508 1521 20

150 1553 282 1581 meos.
332 1539 452 1594 sciet,
485 1542 648 1595 quanto
681 1540 860 1582 meliore
892 1542 1018 1595 patre
1047 1543 1176 1582 natus
1205 1540 1274 1594 sit,
1307 1554 1437 1594 quam

149 1598 338 1640 inimico.
386 1599 587 1654 armiger,
619 1598 673 1641 da
705 1599 916 1654 gladium:
949 1599 1178 1642 vindicabo
1206 1612 1286 1654 ego
1313 1598 1437 1640 illum
1510 1601 1519 1615 ²

149 1658 367 1711 maritum,
399 1657 627 1700 vindicabo
659 1658 886 1713 templum.
938 1659 1079 1713 legem
1111 1658 1252 1700 habeo
1286 1661 1330 1700 et
1355 1658 1436 1700 viri

149 1716 276 1759 fortis
327 1719 371 1759 et
417 1717 570 1771 patris.
645 1717 920 1760 innocentem
971 1717 1109 1759 filium
1158 1717 1294 1760 habui
1338 1719 1437 1759 ante

148 1775 277 1818 huius
298 1775 606 1819 sacerdotium:
627 1777 707 1819 sub
728 1777 815 1819 isto
835 1776 1028 1833 primum
1051 1777 1242 1832 expilata
1261 1777 1439 1833 templa.
1466 1786 1512 1817 25

247 1921 265 1952 1
291 1916 361 1952 illu
386 1920 414 1951 B
434 1918 445 1963 ΙΙ
472 1921 491 1952 7
517 1917 602 1962 lege
627 1919 654 1950 B
674 1918 685 1962 Η
705 1917 824 1952 utrius
852 1917 983 1964 [legis]
1010 1921 1072 1954 etc.
1100 1917 1177 1954 Ro.-
1207 1918 1292 1962 fort.
1320 1917 1440 1952 *5-8

149 1964 242 1999 belli
265 1966 318 2000 ut.
343 1964 457 2010 prior.
484 1964 602 1999 utrius
624 1963 696 2010 leg.
717 1965 753 1998 h.
776 1966 952 2009 tempus?
979 1965 1121 2001 sacerd.
1141 1976 1222 2010 pac.
1252 1968 1315 2000 etc.
1336 1985 1380 1990 —
1401 1966 1443 1999 tu

149 2010 238 2057 legi.
265 2022 334 2057 ego
361 2011 510 2057 dignior
528 2013 540 2057 ΙΙ
560 2015 581 2046 9
606 2012 703 2047 forte
723 2014 798 2056 AB,
826 2023 918 2048 corr.
940 2012 1016 2048 Aer
1034 2014 1046 2058 ΙΙ
1067 2017 1108 2047 11
1132 2012 1346 2057 opinionem
1366 2015 1442 2056 AB,

150 2069 241 2095 corr.
262 2060 339 2095 Aer
357 2059 368 2104 ΙΙ
390 2062 433 2094 11
459 2060 502 2094 tu
526 2060 563 2095 b.
591 2070 624 2094 o.
652 2069 681 2094 e.
710 2069 739 2094 e.
766 2071 814 2095 m.
844 2061 933 2105 opto
953 2071 1019 2096 om.
1040 2063 1067 2094 B
1087 2060 1098 2104 Η
1120 2063 1260 2095 12--14
1280 2071 1330 2095 an
1349 2060 1442 2105 *ego

150 2118 198 2142 m.
226 2117 259 2143 o.
285 2106 321 2143 d.
348 2107 508 2142 mortem
534 2105 619 2154 <vir
643 2105 791 2153 fortis),
818 2118 928 2151 quam
954 2109 983 2144 t.
1008 2119 1042 2144 v.
1064 2107 1239 2153 sacrilegi
1258 2107 1442 2143 sacerdos.

153 2155 278 2189 castra
306 2166 340 2190 v.
374 2157 436 2190 etc.
465 2153 514 2200 (ἓ)
545 2155 558 2199 ΙΙ
591 2157 635 2189 15
661 2154 793 2189 ortasti
819 2157 849 2188 A
877 2155 889 2199 ΙΙ
917 2158 1056 2190 14—15
1084 2154 1190 2201 [quid
1216 2158 1278 2190 etc.
1307 2175 1351 2180 ——
1378 2165 1443 2199 op·

150 2201 268 2248 tasti.]
308 2201 378 2238 Ro.
422 2202 434 2246 ss
478 2213 563 2237 cum
606 2201 736 2246 paravi
779 2205 806 2235 B
849 2203 862 2248 ΙΙ
907 2206 950 2238 16
988 2215 1078 2238 num
1123 2213 1338 2248 comparem
1367 2205 1442 2245 AB,

153 2258 245 2284 corr.
271 2248 326 2285 Gr
344 2250 356 2294 ΙΙ
378 2253 518 2284 17-18
543 2248 663 2297 <quid
688 2249 996 2298 eta—optasti.)
1021 2250 1089 2286 Ro.
1110 2251 1122 2296 ΙΙ
1142 2254 1186 2285 22
1214 2250 1278 2286 det
1295 2253 1322 2284 B
1342 2251 1354 2295 ΙΙ
1373 2259 1444 2294 ego

154 2305 219 2330 om.
245 2298 272 2329 B
292 2297 304 2341 ΙΙ
323 2300 367 2332 23
395 2297 489 2332 abeo
515 2299 546 2330 A

226 2360 411 2393 Quintiliani
431 2362 516 2396 decl„
536 2362 582 2388 ed.
603 2363 713 2390 Ritter.
1186 2361 1229 2391 13
