1560 2462
195 114 245 148 VI
678 113 959 150 PRAEFATIO.

282 212 415 249 Libri
439 211 752 260 manuscripti
775 224 854 249 non
871 211 1038 260 amplius
1057 214 1138 250 tres
1158 213 1325 259 exstant,
1348 223 1443 261 quos

195 274 310 312 ABG
341 275 467 313 literis
498 270 687 326 notavi.*)

283 338 465 376 Summae
491 339 736 377 auctoritatis
762 341 822 376 est
848 338 882 375 A
904 354 957 368 =
976 338 1440 388 Montepessulanus,

196 402 314 440 codex
339 402 598 440 bibliothecae
625 403 779 440 scholae
804 401 987 448 medicae,
1012 415 1073 441 no.
1095 403 1188 452 126,
1215 415 1330 452 quem
1349 402 1446 439 Bur-

196 465 327 503 sianus
365 466 406 503 in
441 466 684 515 praefatione
722 466 901 504 editionis
933 465 1100 503 Senecae
1129 466 1190 504 his
1221 466 1351 505 verbis
1383 466 1446 504 de-

196 529 348 567 scribit:
392 530 562 579 „formae
603 530 832 578 quadratae,
876 529 1030 567 saeculo
1066 529 1102 566 X
1140 529 1181 566 in
1219 530 1446 568 membrana

195 593 374 641 scriptus.
417 594 568 642 Pagina
598 595 705 631 recta
736 593 821 630 folii
846 592 963 641 primi
986 593 1067 641 legi
1090 593 1197 630 nullo
1222 593 1336 631 modo
1361 595 1446 642 pot-

196 657 271 705 est3
302 656 343 693 in
369 669 436 694 ora
462 657 661 706 superiore
686 658 853 706 paginae
877 668 1014 695 versae
1038 668 1178 694 manus
1204 668 1303 695 saec.
1327 657 1445 694 XIIII

196 720 351 768 scripsit
383 715 517 758 ‘Liber
548 720 629 758 Scti
655 720 884 759 Theoderici
913 719 1107 757 auferenti
1133 719 1185 758 sit
1209 716 1444 767 anathema',

194 784 234 821 in
264 784 408 832 pagina
438 785 546 820 recta
575 784 661 821 folii
693 786 716 821 2
748 796 884 822 manus
917 785 1040 822 multo
1070 783 1263 822 recentior
1293 779 1352 821 Ῥ.
1382 783 1445 821 Pi-

194 843 306 885 thou'
338 849 377 884 et
403 842 464 884 ‘ex
488 847 600 884 libris
627 847 782 896 collegii
807 848 969 887 oratorii
988 842 1218 885 Trecensis'.
1263 846 1447 885 Continet

192 913 324 949 autem
343 911 462 949 codex
479 910 649 959 primum
669 910 970 950 declamationes
991 910 1239 959 Quintiliani3
1264 912 1446 959 excerpta

193 988 213 1012 e
244 974 598 1012 controversiarum
630 968 818 1024 (Senecae
849 970 919 1027 sc.)
950 974 1062 1012 libris
1091 974 1282 1022 incipiunt
1305 973 1396 1011 inde
1421 985 1444 1010 a

191 1039 285 1076 folio
318 1039 384 1085 88,
414 1037 455 1075 in
486 1037 594 1075 cuius
625 1037 771 1086 pagina
800 1040 909 1076 recta
938 1037 1102 1086 legitur:
1134 1036 1223 1074 HIC
1249 1036 1348 1074 IAM
1371 1036 1445 1074 IN-

190 1112 330 1151 CIPIT
359 1112 565 1151 SENECA
590 1111 770 1150 DECEM
788 1097 1000 1151 RETORV
1018 1111 1310 1150 FELICITER.
1345 1111 1445 1150 Folii

192 1179 326 1214 autem
352 1179 418 1226 89,
450 1176 553 1225 quod
582 1175 737 1213 initium
769 1177 1021 1225 praefationis
1052 1176 1143 1215 libri
1173 1177 1192 1214 I
1223 1179 1444 1214 controver-

190 1240 338 1278 siarum
370 1239 554 1286 continet,
585 1239 746 1276 dimidia
775 1252 867 1288 pars
894 1240 1066 1278 abscissa
1091 1241 1162 1278 est.
1210 1239 1307 1278 Post
1330 1239 1445 1277 Sene-

188 1316 255 1341 cae
294 1304 415 1342 libros
453 1316 573 1341 unum
610 1303 749 1340 solium
787 1305 982 1351 superest,
1027 1303 1136 1341 cuius
1173 1315 1318 1352 magna
1353 1314 1444 1351 pars

188 1380 283 1415 prae
315 1367 477 1404 maculis
508 1366 587 1414 legi
617 1367 762 1415 nequit,
798 1366 859 1404 cui
883 1367 1112 1415 inscriptum
1137 1367 1212 1404 est:
1244 1364 1443 1403 INCIPIT

189 1431 259 1467 EX
275 1429 409 1468 CALP
417 1429 576 1468 VRNIO
591 1429 794 1468 FLACCO
810 1428 1424 1468 EXCERPTAE-EXOERPTA
1436 1448 1446 1458 ·

190 1499 226 1536 X
252 1519 260 1526 -
286 1484 548 1537 RETHORV
573 1498 824 1537 MINORVM
850 1519 857 1526 -
884 1497 1026 1536 VXOR
1067 1497 1443 1537 TYRANNJGIDA.

191 1563 367 1611 Scriptus
412 1563 545 1600 autem
588 1563 707 1599 codex
748 1563 797 1600 ab
837 1562 992 1599 homine
1032 1562 1128 1599 satis
1165 1562 1336 1610 indocto,
1380 1562 1446 1611 qui

190 1626 294 1664 haud
335 1637 461 1674 pauca
497 1636 595 1672 quae
635 1625 773 1662 calami
810 1625 923 1673 lapsu
961 1628 1160 1663 erraverat
1194 1626 1278 1674 ipse
1315 1638 1362 1663 ex
1399 1637 1444 1663 eo

191 1690 294 1738 quod
324 1687 583 1736 descripserat
609 1689 822 1736 exemplari
847 1686 1050 1726 correxit.“
1093 1688 1296 1726 Indoctum
1321 1689 1443 1727 fuisse

192 1752 390 1791 hominem
419 1753 624 1800 praeterea
656 1763 701 1788 ex
726 1751 933 1789 literarum
956 1752 1241 1800 verborumque
1266 1751 1443 1791 coniunc—

284 1879 317 1923 *)
349 1879 448 1920 Quae
474 1878 511 1912 in
539 1878 725 1923 Catalogis
750 1877 927 1913 librorum
952 1891 1035 1913 mss.
1061 1880 1308 1914 memorantur
1333 1878 1443 1922 Quin-

195 1924 314 1960 tiliani
339 1925 626 1960 declamationes
653 1925 812 1969 exceptis
838 1925 941 1959 libris
961 1925 1065 1959 ABC
1091 1925 1304 1969 diligentius
1328 1925 1446 1970 inqui-

190 1971 287 2007 renti
324 1982 466 2015 semper
500 1971 822 2015 deprehenduntur
856 1975 897 2005 19
934 1970 1022 2005 illae
1053 1971 1173 2005 nescio
1207 1972 1308 2006 cuius
1339 1972 1445 2006 scho—

193 2017 316 2053 lastici
342 2018 556 2061 ‚‚mai0res“.
605 2016 743 2052 Mansit
767 2017 1013 2052 controversia
1039 2018 1082 2052 de
1108 2028 1181 2052 uno
1204 2017 1310 2062 libro,
1336 2028 1446 2062 quem

191 2063 413 2108 Gotth'ngius
446 2063 485 2098 in
519 2063 670 2098 schedas
702 2074 784 2098 suas
815 2063 992 2098 retulerat
1023 2063 1274 2107 (transcriptas
1298 2063 1336 2098 in
1360 2063 1445 2098 Blu-

190 2110 254 2145 mii
288 2109 513 2144 bibliotheca
543 2108 674 2144 Italica
698 2121 734 2154 p.
761 2110 842 2153 226)
875 2109 1105 2152 Messinensi‚
1136 2109 1383 2144 bibliothecae
1409 2109 1442 2144 S.

190 2155 342 2199 Placidi,
356 2156 617 2191 monachorum
632 2155 664 2190 S.
678 2155 877 2197 Benedicti,
891 2155 1168 2190 membranaceo
1183 2155 1245 2190 fol.
1259 2155 1376 2190 folior.
1389 2159 1442 2190 61.

190 2202 326 2237 Verum
359 2201 420 2236 hic
451 2213 532 2236 cum
562 2201 692 2236 ceteris
715 2201 815 2237 illius
839 2201 1085 2237 bibliothecae
1110 2201 1213 2235 libris
1237 2212 1320 2236 mss.
1348 2211 1443 2237 anno

194 2252 281 2284 1848
306 2249 390 2294 igne
417 2249 650 2292 consumptus
676 2249 741 2283 est.
