1604 2488
413 94 838 134 DECLAMATIONES.
876 92 1100 130 chxvm.
1207 141 1210 143 .
1336 89 1394 133 93

112 209 271 253 habere
302 205 582 263 philosophia
611 203 919 261 praestantius,
951 216 1083 258 quam
1114 200 1229 257 quod
1261 198 1395 242 modi-

114 269 176 311 cis
201 269 407 310 contenta
432 268 510 320 est,
542 265 772 320 ampliores
799 277 902 319 opes
926 276 1016 305 non
1034 261 1263 304 desiderat.
1294 273 1397 301 nam

112 328 150 370 si
187 326 448 383 cupiditates
488 325 661 367 easdem
710 338 817 379 quas
855 322 990 364 ceteri
1038 321 1260 374 habe[n]t,
1308 333 1398 361 non

111 387 254 441 video,
298 384 401 441 quid
432 384 583 440 prosit.
645 383 798 439 Neque
838 396 907 424 me
947 381 1177 437 praeterit,
1220 378 1397 432 iudices,

112 460 244 502 quam
286 445 426 487 multa
464 444 550 486 dici
590 443 795 486 adversus
832 441 945 484 hanc
982 439 1298 497 professionem
1343 437 1396 479 ab
1424 449 1446 482 5

111 517 180 560 his
224 517 394 560 soleant
439 515 532 568 [sed
568 528 754 570 persona
797 513 875 556 fris
916 512 1003 555 mei
1034 510 1217 567 impedit
1248 523 1318 552 me
1349 511 1399 551 ut

113 589 195 632 ego
234 590 322 619 non
358 575 455 617 dica
494 588 605 630 quae
642 575 825 629 possunt
862 575 1014 615 contra
1056 569 1399 627 philosophum],

113 650 296 691 quorum
327 634 578 677 libertatem
608 648 697 675 non
722 631 964 687 impediunt
988 644 1209 686 personae.
1241 629 1398 685 quippe

115 695 196 738 hos
229 695 297 737 illi
328 697 372 736 et
402 708 538 736 vanos
569 694 730 736 vocant
761 695 805 734 et
838 691 1002 734 otiosos
1035 693 1078 732 et
1108 690 1154 732 in
1187 688 1400 731 ambitum

113 756 271 810 ipsum,
302 756 455 796 contra
487 767 614 808 quem
646 751 832 794 maxime
859 750 1068 792 disserere
1094 749 1307 801 videntur,
1339 747 1400 789 al·
1429 759 1471 790 10

114 814 295 870 ligatos:
341 812 450 854 mihi
481 826 578 854 cum
610 810 744 853 fratre
777 810 976 866 quaestio
1009 811 1087 852 est.
1143 807 1262 850 Haec
1295 820 1398 862 ergo

114 873 279 916 leviora
311 872 469 914 dixisse
502 871 608 914 satis
640 873 719 924 est,
749 869 1075 925 philosophiam
1101 882 1189 910 non
1215 880 1308 909 esse
1333 879 1403 907 ne-

115 931 362 975 cessariam.
393 943 472 986 ego
506 930 620 972 enim
652 943 795 972 mores
826 929 946 971 nasci
978 931 1083 983 puto
1116 930 1159 969 et
1183 926 1403 982 propriam

116 991 322 1046 cuiusque
352 995 535 1032 naturae
566 990 785 1031 virtutem.
827 989 914 1030 alia
944 987 1132 1030 forsitan
1164 986 1403 1038 discantur3

117 1050 327 1106 quaedam
347 1048 650 1104 experimentis
670 1047 971 1104 cognoscenda
991 1048 1110 1089 sunt:
1137 1045 1241 1088 boni
1261 1058 1403 1087 mores
1433 1056 1475 1088 15

116 1111 320 1152 constant
338 1109 577 1151 voluntate.
607 1107 651 1149 id
666 1112 815 1162 patere
829 1107 1011 1149 diversis
1027 1105 1251 1160 utriusque
1265 1104 1404 1159 partis

117 1168 326 1223 exemplis
357 1170 517 1223 potest.
547 1182 650 1209 nam
682 1170 725 1209 et
756 1166 947 1222 optimos
980 1166 1097 1208 viros
1131 1165 1241 1207 citra
1266 1163 1405 1218 philo-

119 1227 318 1284 sophiam
361 1227 498 1269 fuisse
543 1226 764 1269 constabit
807 1228 851 1268 et
901 1225 1118 1268 studiosos
1164 1223 1406 1279 sapientiae

118 1301 256 1342 usque
301 1287 356 1329 ad
398 1287 556 1329 ultima
600 1285 798 1340 exempla
842 1285 1052 1327 scelerum
1100 1283 1407 1338 nequitiaeque

119 1346 302 1388 venisse.
362 1360 453 1388 non
484 1346 617 1399 enim,
658 1348 707 1387 ut
738 1344 910 1399 opinor,
942 1358 993 1386 ex
1024 1344 1210 1385 istorum
1243 1341 1405 1384 scholis
1433 1353 1478 1385 20

120 1405 432 1448 abstinentiam
458 1404 644 1446 didicere
664 1403 866 1457 Fabricii,
886 1402 1007 1446 Curii
1031 1417 1122 1456 nec,
1147 1404 1196 1444 ut
1221 1404 1408 1443 mortem

121 1466 461 1518 contemnerent,
492 1463 614 1505 Decii
646 1463 866 1505 consecuti
893 1465 995 1504 sunt
1021 1463 1135 1515 [nec]
1162 1463 1309 1503 vetera
1334 1460 1409 1502 ho-

120 1538 218 1566 rum
261 1522 516 1578 explicando
558 1525 850 1565 monumenta.
912 1522 1017 1564 tulit
1059 1521 1214 1563 civitas
1255 1519 1409 1576 populi

122 1582 312 1625 Romani
338 1582 592 1625 liberatores
612 1581 785 1636 Brutos,
810 1581 915 1623 tulit
934 1580 1156 1634 Camillos,
1176 1582 1409 1634 antequam

122 1642 213 1684 ulla
249 1642 374 1684 istius
415 1641 523 1684 artis
563 1641 786 1683 simulatio
825 1641 1056 1696 inreperet.
1117 1640 1206 1682 iam
1237 1653 1340 1681 vero
1374 1639 1411 1680 si
1437 1650 1481 1682 25

124 1715 177 1743 ex
214 1701 381 1743 diverso
420 1701 580 1743 intueri
616 1701 805 1756 placeat,
849 1700 945 1756 quis
983 1700 1178 1755 ignorat,
1223 1713 1275 1741 ex
1316 1699 1411 1754 ipsa

123 1758 335 1815 Socratis,
381 1774 464 1816 quo
503 1761 622 1802 velut
666 1760 786 1802 fonte
824 1759 966 1802 omnis
1003 1758 1283 1814 philosophia
1322 1772 1412 1800 ma-

217 1857 238 1888 3
270 1852 558 1898 vituperatio
590 1852 921 1898 philosophiae
955 1855 985 1886 A
1015 1854 1027 1898 11
1058 1851 1236 1898 habe[n]t
1260 1851 1320 1887 Ro
1347 1852 1360 1895 ΙΙ
1391 1855 1413 1886 4

122 1911 242 1946 neque
269 1911 292 1935 a
316 1911 376 1936 me
400 1900 578 1946 poterunt
602 1900 744 1935 iudices
770 1903 796 1934 B
815 1901 826 1944 Η
847 1904 867 1935 5
894 1900 956 1935 ab·
968 1899 1013 1934 iis
1034 1904 1056 1934 c
1076 1901 1087 1944 ΙΙ
1108 1904 1128 1935 6
1155 1899 1229 1934 Sed
1253 1910 1414 1944 persona

124 1947 149 1983 f.
176 1960 225 1982 m.
250 1947 275 1983 i.
301 1960 350 1983 m.
376 1960 412 1984 u.
439 1959 469 1983 e.
496 1960 531 1983 n.
558 1948 593 1983 d.
621 1960 654 1992 q.
682 1959 716 1993 p.
745 1958 774 1983 c.
803 1947 1071 1993 philosophum
1096 1958 1164 1982 om.
1190 1949 1252 1980 AG
1278 1950 1311 1981 et
1337 1947 1413 1991 ple-

125 2005 258 2040 raeque
281 1996 384 2038 edd.;
409 1996 565 2039 fortasse
587 1996 720 2040 paucis
745 1995 913 2030 correctis
937 1995 1046 2030 verba
1071 1995 1111 2029 et
1130 2004 1290 2039 persona
1308 1993 1413 2029 fratr.

59 2059 64 2063 ·
124 2042 214 2088 imp.
240 2054 299 2078 me
324 2055 359 2078 u.
387 2054 419 2079 e.
445 2055 480 2078 n.
507 2043 541 2078 d.
568 2054 602 2087 q.
630 2055 664 2087 p.
693 2053 723 2077 c.
750 2042 1017 2087 philosophum
1046 2045 1130 2087 post
1163 2041 1332 2086 quaestio
1359 2043 1417 2076 est

125 2090 169 2125 in
191 2101 282 2126 vers.
308 2094 352 2125 11
379 2091 573 2126 inserenda
591 2091 603 2134 ΙΙ
626 2094 668 2125 10
694 2089 842 2125 videtur
866 2092 927 2123 Ac
953 2090 964 2134 ΙΙ
992 2093 1035 2125 13
1062 2089 1177 2135 enim]
1204 2091 1331 2124 autem
1357 2092 1386 2123 Δ
1404 2090 1415 2134 2}

126 2135 377 2185 (nobiscum)
399 2138 504 2173 nasci
530 2137 580 2183 (ἓ)
606 2137 664 2173 Ro
689 2138 701 2181 ΙΙ
736 2141 777 2172 19
803 2137 888 2172 scel.
915 2138 1028 2182 atque
1053 2136 1244 2182 nequitiae
1270 2139 1296 2170 B
1328 2138 1339 2182 Η
1371 2140 1414 2171 21

127 2195 284 2232 Fabritii
308 2197 430 2242 31122
464 2197 564 2243 [nec]
593 2196 648 2232 Gr
677 2197 689 2240 Η
726 2200 772 2231 23
798 2196 929 2242 populi
950 2189 986 2231 Ῑί
1013 2199 1058 2240 Δ,
1091 2195 1240 2241 populis
1272 2199 1298 2230 B
1329 2198 1340 2241 ΙΙ
1372 2199 1417 2230 24

126 2242 318 2280 liberiores
342 2247 443 2288 ABG,
469 2255 561 2280 corr.
587 2244 664 2279 Aer
682 2246 694 2290 ΙΙ
720 2244 890 2279 Camelos
917 2247 970 2278 Aa.
988 2245 999 2288 11
1021 2248 1064 2278 27
1091 2243 1185 2278 velit
1210 2246 1240 2277 A
1258 2246 1270 2288 ΙΙ
1290 2254 1416 2279 omnes

128 2293 156 2324 B
173 2292 187 2335 ΙΙ
204 2290 421 2337 philosophi
446 2291 522 2327 iam
547 2303 644 2326 man.
671 2294 715 2334 B,
743 2290 982 2337 philosophia
1008 2302 1200 2326 emanasse
1228 2295 1249 2324 c
