1560 2462
195 100 263 134 XII
679 102 960 138 PRAEFATIO.

284 198 464 238 Aliorum
501 200 675 239 codicum
713 201 1005 249 deperditorum
1035 202 1204 252 vestigia
1233 203 1449 252 deprehen-

198 264 344 301 duntur
368 263 472 312 apud
497 258 581 300 XVi
605 266 644 302 et
662 258 768 301 XVIi
794 258 903 302 saec.i
927 264 1030 302 viros
1056 266 1200 305 doctos.
1245 266 1298 305 Et
1321 267 1449 316 prima

197 327 354 375 quidem
378 327 518 364 harum
543 328 870 365 declamationum
888 328 1032 366 mentio
1057 329 1213 367 videtur
1237 341 1261 367 a
1277 330 1447 368 Rudolfo

196 390 383 438 Agricola
403 385 671 441 (1443—85)
691 391 787 430 fieri.
831 390 950 429 Cuius
970 391 1011 428 in
1028 392 1138 430 libris
1157 393 1205 430 de
1224 393 1448 432 inventione

197 453 404 491 dialectica
434 454 568 492 insunt
597 454 668 491 illa
692 453 765 504 III,
793 455 864 492 14:
896 451 1008 506 „(nec
1038 458 1171 494 tamen
1200 457 1295 494 adeo
1326 457 1450 495 vitan·

197 517 269 554 dus
301 518 394 555 ordo
426 519 567 567 rectus,
597 520 642 555 ut
676 517 878 556 credamus
910 531 986 556 non
1019 518 1215 557 interdum
1245 519 1450 558 ratiocina-

196 580 342 618 tionem
367 583 491 619 totam
518 581 789 630 proferendam
798 577 827 633 ,)
859 582 961 630 quod
992 585 1032 620 et
1062 582 1324 627 Quintilianus
1356 583 1452 622 fecit

197 644 236 681 in
269 656 314 681 ea
345 645 625 682 declamatione
656 657 755 693 quae
779 645 1010 683 inscribitur
1035 642 1330 694 ‘ignominiosus
1361 659 1448 685 con-

195 709 259 744 tra
296 710 377 745 tres
408 703 660 756 rogationes'.
721 708 846 757 Ergo,
882 709 1028 758 inquit,
1061 711 1095 747 si
1126 711 1166 748 et
1195 711 1258 747 lex
1287 710 1450 759 ignomi-

120 794 122 796 -
195 771 349 808 niosum
379 771 466 808 vult
497 783 582 808 esse
614 783 714 819 eum,
745 771 812 819 qui
842 774 904 809 ter
935 773 1216 811 contradixerit
1244 785 1316 812 nec
1339 776 1451 811 tenu-

197 835 287 872 erit:
326 837 366 872 et
403 834 466 872 hic
503 834 736 872 contradixit
770 837 832 872 ter
867 847 938 873 nec
974 837 1118 883 tenuit,
1150 837 1341 885 quomodo
1371 850 1450 875 non

197 898 247 935 sit
290 898 570 946 ignominiosus
616 897 782 936 inveniri
818 899 991 946 profecto
1027 912 1104 937 non
1139 900 1321 948 poterit.“
1373 900 1450 939 De-

195 964 375 1009 prompta
403 961 498 999 haec
523 974 569 998 ex
594 961 689 999 decl.
717 963 812 1009 263,
844 962 911 1000 ubi
939 957 994 1014 (p.
1019 964 1082 1012 75,
1104 959 1252 1015 3—6),
1290 966 1450 1013 excepto

194 1025 263 1061 illo
303 1020 520 1074 ‘invenire',
555 1036 716 1073 prorsus
754 1026 889 1063 eadem
925 1026 1046 1063 verba
1083 1027 1123 1063 in
1159 1025 1231 1064 BC
1268 1027 1449 1076 legimus,

197 1087 340 1126 similia
370 1089 409 1124 in
441 1088 487 1126 Α.
548 1087 632 1132 Quo
664 1087 852 1137 efficitur,
885 1089 1053 1126 secunda
1083 1090 1195 1137 parte
1225 1085 1311 1127 XVi
1341 1085 1450 1130 saec.i

196 1151 336 1188 librum
375 1151 718 1200 declamationum,
754 1150 824 1188 BC
863 1151 1058 1189 codicibus
1097 1152 1373 1203 propinquum,
1410 1154 1450 1192 in

196 1213 405 1252 Germania
437 1215 650 1254 delituisse.

284 1277 359 1315 Sed
397 1278 543 1316 eisdem
581 1279 663 1316 fere
699 1277 942 1326 temporibus
978 1278 1155 1316 ablatum
1186 1291 1207 1316 e
1240 1278 1450 1318 Germania

196 1341 365 1390 aliquem
405 1341 730 1379 declamationum
768 1342 914 1378 librum
951 1343 991 1378 et
1026 1342 1188 1380 missum
1223 1343 1263 1380 in
1291 1343 1451 1382 Italiam

196 1417 283 1442 esse
309 1404 491 1442 docemur
516 1417 586 1452 per
610 1405 663 1442 Io.
683 1405 776 1442 Ant,
796 1403 1050 1453 Campanum,
1076 1405 1143 1453 qui
1167 1406 1208 1443 in
1233 1403 1446 1459 epistola*)

195 1469 244 1505 ad
263 1468 326 1505 Fr.
346 1467 673 1515 Piccolominium,
700 1469 937 1506 cardinalem
963 1467 1184 1515 Senensem,
1210 1464 1295 1520 (qui
1313 1471 1452 1518 postea

291 1595 326 1638 *)
354 1594 499 1628 Titulus
532 1594 708 1638 epistolae
739 1597 796 1629 est
827 1606 999 1631 censurae
1024 1595 1060 1629 in
1089 1595 1304 1637 Quintiliani
1327 1596 1450 1632 decla-

197 1640 388 1676 mationes.
432 1640 584 1685 Legitur
608 1641 646 1674 in
671 1640 830 1676 editione
856 1642 1042 1683 „omnium
1064 1641 1241 1685 Campani
1263 1645 1448 1686 operum“‚

195 1687 327 1722 Venet.
367 1689 456 1721 1495
490 1687 653 1731 vulgata,
691 1687 754 1721 fol.
793 1687 909 1721 LXIII
944 1686 1125 1732 vs.sLX1V
1154 1688 1241 1722 rect.
1272 1690 1382 1732 atque
1411 1687 1450 1723 in

195 1732 418 1768 editionibus
456 1732 692 1777 epistolarum
730 1732 922 1778 Campani;
972 1733 1067 1768 unde
1103 1732 1142 1767 in
1177 1732 1378 1768 Burmanni
1413 1736 1452 1769 et

195 1779 351 1814 aliorum
376 1779 555 1814 editiones
579 1781 727 1823 recepta
751 1782 818 1814 est.
841 1800 881 1804 -
904 1779 1110 1814 Verisimile
1131 1780 1187 1814 est
1203 1779 1324 1823 ipsum
1344 1779 1448 1815 Cam-

194 1837 343 1871 panum,
368 1827 447 1860 tum
473 1836 554 1859 cum
579 1836 701 1860 comes
727 1825 921 1860 cardinalis
948 1825 1138 1869 Senensis,
1164 1825 1279 1870 legati
1303 1827 1342 1861 in
1366 1837 1449 1862 con-

195 1874 345 1907 ventum
369 1871 518 1916 imperii
538 1871 745 1906 Germanici
770 1871 888 1913 missi,
912 1872 1154 1907 Ratisbonam
1178 1874 1329 1907 venerat
1351 1883 1448 1908 anno

198 1922 300 1960 1471,
325 1917 458 1952 librum
485 1917 680 1962 indagasse
699 1919 737 1952 et
755 1918 1022 1962 deportandum
1040 1920 1141 1952 trans
1160 1917 1272 1963 Alpes
1291 1929 1448 1956 curasse.

195 1964 329 1999 Multas
364 1963 460 1998 enim
493 1974 577 1998 eum
607 1963 645 1998 in
675 1963 742 1998 illo
767 1963 896 1999 itinere
921 1965 1190 2009 perscrutatum
1216 1975 1293 1999 esse
1317 1964 1448 2000 biblio-

196 2011 322 2046 thecas
341 2009 576 2045 Germanicas
602 2020 644 2044 ex
670 2010 917 2055 compluribus
943 2010 1020 2045 eius
1039 2010 1216 2054 epistolis,
1241 2010 1344 2045 velut
1361 2011 1449 2046 ulti-

195 2057 246 2091 mi
276 2056 362 2091 libri
391 2067 489 2091 nona
520 2056 571 2101 (in
606 2066 679 2100 qua
709 2055 775 2090 illa
804 2057 929 2091 insunt
958 2066 1115 2100 „magna
1140 2056 1247 2100 copia
1271 2056 1448 2091 librorum

194 2102 526 2138 vetustissimorum
550 2103 587 2136 in
612 2104 693 2137 tota.
712 2101 910 2137 Germania.
932 2104 1007 2137 est:
1034 2103 1163 2147 patent
1187 2101 1309 2136 aditus
1334 2103 1449 2137 omni'·

195 2150 278 2184 bus:
310 2149 441 2183 mirum
472 2148 510 2183 in
541 2148 689 2183 modum
714 2148 953 2183 observantur
978 2149 1085 2192 etc.“)
1111 2150 1149 2183 et
1173 2148 1266 2182 sexti
1290 2147 1376 2182 libri
1401 2148 1448 2183 ab

196 2195 327 2230 ultima
363 2194 476 2230 tertia
508 2194 560 2239 (in
592 2206 663 2238 qua
693 2194 865 2240 descripti
896 2206 918 2230 a
949 2205 987 2230 se
1018 2194 1054 2228 in
1089 2193 1284 2229 Germania
1314 2193 1450 2230 codicis

198 2242 419 2277 mentionem
446 2240 740 2285 facit).apparet.
