1604 2488
145 837 187 867 10

146 1127 187 1158 15

145 1419 188 1449 20

144 1791 188 1822 25

216 117 302 158 244
696 115 993 159 QUINTILIANI

214 224 380 276 bemus,
424 237 529 277 quae
566 226 897 277 praecesserunt.
959 223 1059 277 quid
1094 224 1209 266 aliud
1244 225 1475 279 praecessit

214 281 400 336 <quam>
410 281 552 322 mollis
566 281 755 323 invidia}>
771 294 870 336 ergo
887 295 982 323 cum
996 281 1380 337 adprobaverimus‚
1389 297 1476 325 non

213 353 297 381 uno
329 339 443 380 facto
475 339 729 381 dementiam
761 353 852 381 esse
885 340 1230 394 convincendam,
1260 341 1475 383 veniemus

217 397 269 438 ad
295 397 487 438 ordinem
513 397 781 440 defensionis.
821 399 918 439 ante
944 400 1063 439 actae
1094 398 1206 444 vitae
1236 399 1345 441 ratio
1378 413 1476 441 con-

219 457 315 496 stet.
351 455 434 497 hoc
458 470 543 497 non
567 458 796 510 propterea
821 458 990 497 tantum
1015 455 1236 498 dicendum
1260 459 1336 511 est,
1367 457 1478 512 quod

215 513 275 554 sic
301 513 468 555 defendi
498 528 594 555 reus
625 516 786 568 potest,
818 514 892 555 sed
924 515 1053 555 etiam
1085 513 1196 569 quod
1226 514 1384 557 invidia
1414 529 1476 556 re-

214 571 277 613 dit
308 571 361 612 ad
392 575 692 614 accusatorem.
737 573 890 626 omnia,
923 586 1028 627 quae
1059 586 1136 627 pro
1169 586 1213 614 se
1237 572 1401 628 dixerit,
1431 574 1476 614 in

213 629 347 671 filium
379 629 500 672 dicet.

622 723 1067 788 DEOLAMAT'IO.

306 825 416 874 Quid
447 826 529 868 feci
561 826 806 868 dementer?
841 827 1005 869 iuvenis
1035 826 1259 882 frugaliter
1277 827 1376 879 vixi,
1405 842 1477 882 pa-

214 884 462 926 trimonium
499 885 614 938 auxi,
650 899 825 927 uxorem
863 885 974 939 duxi,
1004 885 1140 926 filium
1171 885 1334 939 sustuli,
1364 885 1476 927 hunc

216 957 325 984 amo.
390 942 559 998 „Flens‚
595 943 750 998 inquit,
787 958 854 984 me
891 957 966 997 per
1001 943 1219 998 publicum
1257 943 1480 998 sequeris.“

214 999 420 1041 Poterant
462 1001 548 1042 ista
590 1004 632 1042 et
668 1004 865 1055 separata
903 1001 1070 1042 defendi
1110 1025 1159 1030 —
1208 1015 1307 1042 nam
1343 1015 1476 1055 neque

216 1058 490 1100 admirationi
509 1058 699 1114 profecto
726 1059 921 1113 cuiquam
947 1059 1193 1100 mortalium
1214 1060 1337 1113 esset,
1363 1059 1477 1113 quod

213 1118 335 1171 pater
363 1117 499 1158 filium
531 1131 727 1171 sequerer
758 1120 801 1159 et
833 1119 1050 1170 separatae
1082 1117 1136 1158 ab
1169 1117 1250 1158 hoc
1275 1116 1476 1158 lacrimae

214 1176 414 1228 poterant
443 1174 577 1216 videri
607 1189 693 1217 non
725 1175 778 1216 ad
802 1177 845 1216 te
870 1175 1083 1229 pertinere
1102 1189 1179 1216 -ε
1212 1174 1284 1216 sed
1308 1188 1362 1216 ne
1387 1174 1477 1216 ulla

215 1235 306 1274 arte
333 1233 544 1287 suffugere
570 1233 731 1274 crimen
757 1233 1016 1275 accusatoris
1043 1232 1127 1274 mei
1150 1231 1316 1287 videar‚'
1337 1234 1476 1274 totum

213 1290 307 1343 hoc,
338 1290 449 1345 quod
469 1291 665 1345 obicitur,
696 1291 880 1346 iungam.
924 1291 1124 1332 lacrimae
1145 1293 1244 1332 sunt
1267 1290 1312 1332 in
1343 1290 1477 1345 culpa.

213 1348 294 1390 fleo
326 1348 510 1391 fortasse
542 1363 819 1403 supervacua:
851 1350 911 1390 sic
943 1363 1009 1390 me
1041 1348 1302 1391 consolaris?
1334 1349 1394 1390 sic
1418 1349 1477 1390 la-

217 1406 372 1449 crimas
403 1408 541 1462 patris
572 1408 638 1449 tui
670 1407 831 1449 siccas?
864 1407 1048 1449 flendum
1073 1406 1178 1448 mihi
1201 1405 1326 1449 hodie
1354 1406 1477 1459 foret,

216 1465 383 1507 etiamsi
413 1466 493 1508 hoc
526 1468 652 1507 antea
681 1480 768 1507 non
797 1465 1002 1508 fecissem.

735 1581 963 1624 SERMO.

301 1662 412 1705 Nolo
457 1664 682 1718 quisquam
720 1677 786 1704 me
823 1663 1121 1717 reprehendat,
1157 1666 1377 1717 tamquam
1408 1677 1478 1705 vo-

216 1721 281 1762 bis
324 1721 440 1763 locos
484 1736 570 1763 non
613 1721 718 1763 dem.
791 1721 828 1762 si
871 1721 1076 1774 ampliare
1125 1720 1477 1762 declamationem

215 1779 367 1821 voletis
399 1782 441 1820 et
471 1779 689 1835 ingenium
721 1792 930 1832 exercere,
968 1778 1116 1820 dicetis
1156 1778 1268 1833 quod
1299 1778 1352 1820 ad
1383 1793 1477 1820 cau-

217 1851 309 1879 sam
344 1837 469 1879 huius
508 1839 625 1879 nullo
662 1837 806 1891 modo,
851 1837 903 1878 ad
947 1837 1267 1878 delectationem
1313 1836 1477 1879 aurium

212 1894 393 1938 fortasse
423 1897 646 1950 pertineat

311 2028 328 2058 1
360 2022 525 2070 <quam>
551 2025 624 2058 Aer
653 2025 665 2067 fl
697 2026 718 2056 4
744 2022 842 2057 vitae
868 2033 932 2057 om.
958 2025 984 2055 B
1014 2023 1027 2066 ss
1055 2025 1073 2055 7
1099 2032 1165 2066 per
1188 2024 1214 2055 B
1233 2023 1245 2066 fl
1265 2025 1308 2056 13
1333 2031 1396 2066 sep
1397 2031 1479 2056 ara·

216 2070 285 2105 tim
310 2073 335 2103 B
355 2072 367 2115 ῃ
394 2074 436 2105 16
461 2070 630 2114 poteram
655 2072 719 2103 ΔΒ
738 2070 750 2112 ΙΙ
769 2068 832 2103 sed
856 2069 960 2103 nulla
982 2071 1052 2101 Β-
1057 2071 1082 2101 Ρ
1099 2068 1112 2111 ΙΙ
1133 2071 1174 2102 19
1201 2067 1407 2102 consulares
1426 2067 1480 2158 ΔΙ,

217 2120 261 2151 21
289 2116 400 2151 etiam
426 2117 477 2151 sic
503 2119 556 2150 Aa
579 2119 590 2161 ΙΙ
615 2119 660 2151 24
686 2116 717 2150 si
740 2126 806 2151 om.
831 2118 858 2148 B
883 2117 895 2160 ss
922 2118 964 2149 25
990 2114 1116 2150 volens
1140 2117 1166 2147 Β
1185 2115 1197 2159 Ι]
1221 2113 1376 2149 dicentis
1402 2116 1469 2146 Ab

219 2166 262 2198 27
289 2163 450 2208 pertinet
474 2166 500 2196 P
