1604 2488
165 761 207 792 10

162 1050 205 1081 15

162 1339 205 1370 20

233 123 319 164 200
711 123 827 165 QUIN
831 123 991 159 TILIAN
993 125 1009 158 I

231 232 376 270 tamen
394 230 588 271 iuvenem
606 229 701 283 pari
721 230 915 284 captione
936 230 1142 273 ludemus.
1171 231 1351 286 fecisset,
1369 231 1488 273 fecis-

234 290 299 328 set
328 287 409 328 hoc
440 289 583 329 astuta
613 287 777 342 mulier,
812 302 918 329 anus
948 288 1238 340 inverecunda,
1266 292 1316 331 ut
1345 290 1488 332 iuveni

233 345 396 386 curioso
429 345 598 386 offerret
629 345 738 386 hanc
768 345 943 400 fatigati
977 346 1165 399 corporis
1189 349 1366 400 partem.
1398 349 1489 390 erat

234 402 405 457 dignus,
443 403 514 456 qui
554 403 653 444 dum
694 403 869 445 alterius
900 404 1203 457 patrimonium
1234 405 1359 459 petit,
1394 419 1487 459 per-

234 460 351 502 deret
383 460 512 502 etiam
542 461 778 515 praemium
810 475 943 502 suum.
987 462 1058 503 sed
1090 461 1241 503 mulier
1266 462 1488 517 simplicis-

233 518 352 572 sima,
383 517 439 572 (si
470 518 569 572 quid
600 519 771 560 mentiri
802 521 946 572 posset
978 519 1049 571 [si]
1078 533 1164 561 non
1195 517 1486 575 exposuisset‚)

232 577 376 629 palam
420 590 464 618 se
501 576 616 618 nolle
660 577 893 630 profitetur.
952 577 1033 618 hoc
1074 577 1226 631 pudori
1263 578 1367 620 satis
1405 582 1487 621 est:

233 634 269 675 si
309 633 410 688 quid
448 634 676 688 iusseritis,
713 635 838 688 culpa
874 634 1116 689 cogentium
1153 637 1228 677 est.
1288 635 1387 690 quid
1423 637 1487 678 in-

233 692 362 733 terim
393 692 563 746 proficit
596 692 841 734 adulescens
867 692 967 734 ille‘?
998 707 1097 734 nam
1123 692 1161 734 si
1185 693 1488 746 praeiudicium

234 752 317 803 est,
356 750 467 804 quod
504 750 609 791 haec
644 752 829 792 recusat:
871 752 914 791 et
949 750 1058 792 illud
1095 751 1151 791 sit
1181 754 1489 806 argumentum,

234 808 345 862 quod
381 808 451 849 hic
488 810 619 862 optat.
680 808 797 850 cuius
839 808 1008 862 quidem
1043 808 1195 863 pudori
1224 811 1399 862 propter
1427 823 1490 851 re-

231 866 370 907 centia
394 866 548 908 merita
573 866 695 920 cupio
723 867 975 908 consultum.
1026 879 1184 920 magna
1207 869 1352 908 tamen
1376 867 1487 920 cupi-

231 923 379 965 ditatis
422 924 583 965 invidia
625 924 820 978 inquinat
862 924 1049 978 laudem,
1092 924 1129 965 si
1171 938 1267 966 cum
1303 924 1490 966 alienum

229 981 534 1036 patrimonium
571 984 705 1035 petat,
746 995 833 1023 non
867 984 992 1035 putat
1029 996 1105 1024 sua
1135 982 1310 1036 referre,
1346 984 1489 1024 utrum

231 1039 511 1080 hereditatem
542 1039 646 1080 illud
677 1039 815 1093 faciat,
847 1054 901 1080 an
933 1039 1088 1081 dotem.

318 1096 436 1138 Haec
467 1097 636 1150 quidem
667 1097 805 1138 minus
831 1097 1015 1138 sollicita
1039 1096 1121 1138 fuit
1145 1097 1287 1151 priore
1313 1096 1486 1151 iudici03

230 1157 330 1196 tunc
356 1155 467 1195 enim
493 1154 628 1208 pudor
656 1154 815 1195 salvus:
845 1169 957 1195 nunc
980 1156 1096 1195 totos
1120 1167 1291 1195 necesse
1310 1157 1376 1195 est
1393 1168 1489 1208 pro-

230 1213 341 1253 ferre
367 1212 563 1266 gemitus.
597 1213 767 1265 »seme1‚
792 1213 940 1266 inquit,
965 1211 1191 1254 infeliciter
1208 1212 1346 1266 nupsi.
1375 1225 1489 1265 pere-

231 1270 483 1324 grinabatur
502 1269 700 1324 maritus3
719 1270 820 1311 illuc
839 1270 959 1322 ierat,
977 1269 1088 1310 unde
1100 1283 1186 1310 non
1201 1270 1266 1310 est
1277 1282 1487 1311 reversus:

231 1331 376 1369 tamen
401 1328 556 1369 misera
582 1328 755 1381 concepi
781 1330 834 1381 et,
866 1329 1072 1382 quantum
1096 1328 1240 1368 uterus
1263 1327 1490 1381 crescebat,

230 1388 399 1427 tantum
426 1385 679 1427 accedebant
700 1386 911 1440 exequiae.
949 1386 1234 1427 convenerunt
1255 1384 1308 1425 ad
1326 1385 1490 1439 parien-

230 1447 318 1485 tem
355 1444 625 1486 consolantes
662 1443 901 1498 propinqui.
960 1443 1065 1484 haec
1102 1456 1231 1497 passa
1272 1456 1366 1484 sum
1397 1457 1489 1485 sua-

233 1516 326 1543 sore
358 1502 526 1555 marito,
558 1501 630 1556 qui
661 1515 727 1542 me
757 1501 861 1543 fecit
892 1500 1099 1542 heredem.
1148 1500 1243 1554 quis
1273 1502 1416 1555 potest
1439 1501 1490 1542 il-

167 1597 169 1599 .
231 1559 319 1600 lum
359 1559 470 1601 diem
503 1559 658 1600 referre
691 1559 780 1600 sine
811 1558 1028 1600 lacrimis?
1069 1558 1211 1599 vivum
1241 1557 1367 1600 funus
1399 1571 1490 1613 gre-

161 1629 204 1660 25

162 1919 207 1950 30

231 1617 317 1659 mio
354 1617 453 1671 tuli3
498 1631 624 1671 quam
658 1631 793 1671 paene
826 1617 1035 1671 expiravit
1065 1616 1110 1657 in
1139 1615 1336 1658 manibus
1367 1616 1488 1658 meis!

233 1675 384 1716 deinde
414 1675 541 1729 periit
571 1675 664 1728 ille,
705 1675 777 1728 qui
808 1675 1008 1715 iusserat:
1048 1687 1174 1726 quam
1204 1687 1338 1727 paene
1367 1674 1489 1727 potui

230 1747 317 1775 non
354 1733 579 1787 exponere!
620 1732 719 1786 quid
751 1731 858 1773 mihi
889 1745 983 1772 cum
1014 1731 1094 1772 hac
1126 1730 1390 1772 hereditate?
1431 1731 1487 1772 ef-

231 1791 345 1845 fecit,
376 1794 423 1832 ut
459 1791 595 1832 filium
633 1790 771 1845 magis
809 1789 1130 1831 desiderarem«
1178 1788 1310 1829 falsas
1340 1790 1488 1842 putate

232 1863 369 1902 voces,
411 1849 447 1890 si
478 1851 630 1902 postea
660 1847 819 1902 nupsit.
880 1847 954 1888 ille
986 1845 1305 1888 desiderabatur
1334 1845 1487 1887 infans.

236 1907 308 1961 sic,
339 1910 457 1961 puto,
489 1906 683 1948 effectum
715 1908 791 1960 est,
821 1907 869 1946 ut
900 1905 1054 1959 aliquis
1086 1919 1130 1946 se
1160 1904 1295 1945 filium
1321 1903 1486 1945 diceret.

231 1966 336 2007 haec
377 1965 546 2019 quidem
588 1964 732 2006 fabula
769 1963 914 2005 adlata
951 1965 1034 2016 est,
1075 1964 1293 2016 tamquam
1329 1964 1486 2003 temere

327 2082 344 2112 1
371 2078 562 2113 laudemus
589 2082 614 2111 Ρ
638 2078 649 2122 Η
673 2077 821 2112 fecisset
845 2087 910 2111 om.
937 2078 1021 2110 AaB
1046 2077 1058 2121 Η
1082 2080 1102 2110 2
1127 2074 1384 2110 inverecondia
1407 2076 1459 2107 Aa
1477 2074 1488 2119 Η

231 2129 251 2160 5
278 2124 383 2169 simp.
410 2126 467 2160 set
491 2137 550 2169 qu.
577 2127 630 2158 Aa
654 2125 665 2168 ΙΙ
690 2128 710 2158 6
738 2123 800 2169 [si]
830 2123 884 2158 Gr
908 2123 919 2167 ΙΙ
945 2126 965 2157 8
989 2122 1154 2157 vixeritis
1178 2124 1204 2155 B
1223 2122 1234 2166 ΙΙ
1260 2124 1303 2156 10
1327 2123 1490 2155 recussat

230 2175 284 2205 Aa
301 2172 313 2215 η
334 2175 375 2206 12
401 2171 526 2205 tamen
550 2181 616 2206 om.
641 2173 667 2203 B
687 2171 699 2216 11
720 2174 760 2204 19
788 2169 949 2204 infeliter
973 2172 1002 2202 A
1020 2169 1031 2212 Η
1049 2167 1342 2213 peregrinabitur
1366 2169 1396 2200 Δ
1414 2167 1425 2210 ΙΙ
1444 2169 1487 2200 22

231 2219 286 2252 de
313 2217 500 2262 gravida
526 2216 791 2261 expositura
814 2219 844 2250 A
862 2218 873 2261 Η
892 2219 938 2250 24
961 2215 1048 2259 post
1071 2217 1134 2248 AB
1154 2215 1227 2259 1126
1253 2213 1396 2258 expirat
1420 2212 1490 2258 ΔιΗ

231 2268 274 2299 29
301 2263 440 2299 *efficit
465 2266 527 2296 AB
547 2265 559 2308 ῃ
578 2267 623 2298 30
649 2263 679 2298 si
703 2263 784 2307 ipsa
809 2261 935 2307 nupsit
958 2265 984 2294 P
