1578 2470
126 746 168 778 10

126 1035 168 1067 15

125 1327 168 1358 20

124 1617 169 1648 25

195 107 280 149 398
674 108 973 151 QUINTILIANI

194 214 323 256 illos?
371 215 551 269 nescire,
593 215 690 268 quid
721 216 1026 269 pronuntient?
1075 217 1308 259 etiamnum
1347 231 1448 273 ergo

196 286 423 327 suspensos
463 273 645 326 <esse>?
695 288 767 315 cur
804 274 964 315 dimitti
1000 274 1209 328 postulas,
1251 276 1288 316 si
1323 275 1448 317 iudex

195 330 432 372 deliberat?
487 331 677 385 ‚‚plures,
721 332 876 386 inquit,
921 346 989 373 me
1032 332 1142 374 mori
1183 333 1448 375 noluerunt&

195 388 295 442 quid
320 388 453 442 igitur
479 389 630 443 velint,
661 390 907 443 pronunties
936 392 1117 443 oportet.
1159 390 1331 432 illorum
1357 406 1449 432 sen-

194 446 374 487 tentiam
407 446 574 501 signare
606 447 720 489 volo:
753 450 974 490 accusator
1003 447 1181 489 recitare
1211 447 1279 490 his
1303 449 1449 490 iudici-

194 504 273 545 bus
299 504 411 558 volo‚
435 507 483 546 ut
507 504 705 560 habeant,
733 505 843 560 quod
869 508 1109 560 sequantur.
1144 505 1277 560 ‚‚Duo‚
1299 507 1448 561 inquit,

195 562 367 603 exilium
399 562 506 604 mihi
542 562 808 618 iniungunt.“
855 562 946 604 Iam
978 563 1108 618 igitur
1139 577 1188 606 ex
1211 566 1333 618 parte
1365 579 1447 606 una

194 620 338 673 plures
369 620 493 674 facis3
525 621 611 662 iam
642 622 811 662 turbam
842 622 984 675 istam,
1015 636 1122 675 quae
1153 622 1349 664 universa
1378 636 1451 664 no-

194 680 324 730 ceret,
357 678 580 720 dividendo
613 680 835 733 extinguis.
885 680 967 721 duo
1000 680 1188 733 exilium,
1220 679 1300 721 duo
1331 680 1450 735 igno-

195 736 370 777 miniam
403 738 702 791 pronuntiant:
741 738 804 779 vis
836 751 915 792 ego
947 738 1042 779 illos
1073 737 1272 793 iungam,
1304 739 1376 792 qui
1407 753 1451 780 se

194 794 279 848 ipsi
311 793 533 836 dividunt?
582 798 793 837 revertere
829 810 940 836 nunc
978 795 1030 837 ad
1067 796 1197 837 verba
1236 795 1363 851 legis,
1403 799 1451 837 ut

193 852 322 905 paulo
355 855 462 894 ante.
506 867 680 907 »quam
711 867 939 907 poenam,
970 854 1120 908 inquit,
1150 854 1310 895 maior
1333 868 1449 908 pars

193 910 413 952 iudicum
446 911 732 953 statuerit«
796 915 961 966 partem
993 911 1284 966 intellegimus
1315 911 1452 953 eidem

192 983 370 1010 numero
411 969 687 1023 adplicatam,
726 969 1079 1023 quemadmodum
1112 969 1323 1011 sententia
1354 983 1450 1011 con-

193 1026 402 1080 iunctam,
439 1027 500 1068 sic
531 1028 668 1069 turba.
713 1027 870 1082 alioqui
903 1027 938 1068 si
969 1028 1144 1069 miscere
1174 1027 1254 1068 tibi
1287 1030 1330 1068 et
1358 1028 1450 1068 iun-

194 1097 294 1138 gere
327 1085 624 1126 dissentientes
658 1086 769 1139 licet,
799 1099 873 1127 cur
897 1085 976 1126 hos
1001 1087 1088 1126 tres
1114 1085 1316 1139 separas?
1352 1099 1453 1139 quo-

193 1142 318 1184 modo
351 1143 464 1184 enim
495 1142 540 1183 hi
572 1143 624 1184 ab
658 1143 744 1184 illis
776 1145 976 1197 quattuor
1006 1143 1264 1196 discrepant,
1296 1143 1357 1184 sic
1387 1142 1452 1184 illi

194 1201 306 1241 inter
345 1215 388 1241 se
427 1204 630 1255 pugnant.
692 1214 793 1255 ergo
831 1215 917 1242 non
954 1201 1067 1242 idem
1106 1200 1335 1242 sentientes
1365 1215 1454 1242 non

194 1261 316 1312 potes
347 1259 538 1314 iungere:
584 1259 695 1300 idem
728 1259 958 1300 sentientes
989 1272 1198 1312 compara.
1259 1272 1350 1313 ego,
1381 1258 1453 1312 qui

194 1319 377 1357 mortem
407 1317 697 1371 pronuntient,
729 1319 815 1358 tres
847 1316 1000 1358 habeo:
1040 1316 1199 1370 produc
1230 1316 1341 1370 illos,
1380 1316 1453 1370 qui

196 1375 368 1416 exilium
388 1375 684 1428 pronuntiant:
709 1375 849 1429 vinc03
874 1375 1044 1429 produc,
1064 1375 1136 1430 qui
1154 1372 1453 1429 ignominiam[:

197 1447 328 1486 aeque
360 1433 495 1475 vinco.
540 1433 728 1475 dubitari
758 1435 902 1488 potest
931 1433 1212 1474 valentiorem
1243 1447 1335 1473 esse
1359 1446 1453 1486 par-

194 1493 298 1545 tem,
341 1505 448 1545 quae
492 1491 728 1546 composita
764 1491 903 1532 neutri
935 1490 1188 1543 succumbit,
1230 1493 1453 1544 utramque

197 1549 400 1603 superat?
450 1549 578 1604 quid?
627 1550 664 1591 si
701 1550 813 1591 enim
851 1552 1054 1603 quattuor
1090 1548 1154 1590 illi
1190 1548 1235 1589 in
1274 1548 1454 1590 totidem

196 1607 463 1660 disputarent
489 1608 742 1649 sententias:
772 1607 976 1661 numquid
1001 1607 1101 1648 illos
1132 1621 1208 1660 pro
1227 1621 1312 1648 una
1330 1608 1452 1660 parte

195 1666 461 1719 opponeres?
501 1680 626 1707 nemo
659 1666 749 1707 sine
781 1665 907 1706 dubio
940 1679 1035 1706 cum
1065 1664 1204 1706 tribus
1236 1663 1341 1705 meis
1367 1666 1452 1705 sta-

194 1727 278 1777 ret,
310 1723 382 1764 sed
414 1737 538 1764 nemo
576 1724 700 1764 alteri
733 1726 844 1764 esset
881 1722 1124 1764 adiunctus:
1166 1721 1371 1776 numquid
1403 1736 1453 1762 ex

195 1783 399 1835 quattuor
430 1781 652 1823 sententiis
678 1795 807 1822 unum
834 1794 984 1834 corpus
1011 1779 1230 1822 efficeres?
1266 1779 1450 1820 minime.

195 1841 240 1880 at
271 1839 372 1893 quid
398 1840 587 1894 interest,
618 1839 709 1881 bini
741 1853 796 1879 an
821 1838 978 1893 singuli
1002 1837 1289 1879 dissentiant?
1320 1851 1452 1890 aeque

290 1935 308 1965 1
334 1930 594 1976 pronunciaret
616 1933 643 1964 B
667 1932 679 1975 ΙΙ
703 1934 724 1965 2
751 1931 938 1975 suspectos
963 1932 989 1962 B
1022 1930 1035 1974 ΙΙ
1064 1927 1198 1976 (esse)
1222 1928 1279 1964 Ro
1316 1929 1329 1974 ΙΙ
1359 1931 1450 1963 4-5

193 1978 395 2013 sententias
420 1980 446 2011 B
473 1979 484 2023 fl
509 1981 599 2012 5-6
625 1977 800 2012 iudicium
825 1979 875 2010 Ba
903 1977 916 2021 ΙΙ
947 1980 966 2010 7
993 1975 1145 2020 *aperte
1171 1977 1232 2008 ΔΒ
1259 1976 1270 2020 ΙΙ
1297 1979 1339 2009 10
1365 1986 1451 2020 ergo

194 2027 246 2058 Aa
264 2025 276 2069 ΙΙ
294 2024 482 2069 iniungam
506 2027 533 2057 B
553 2025 564 2068 [Ι
586 2028 627 2058 11
653 2025 690 2058 et
707 2026 733 2056 B
752 2025 764 2067 ΙΙ
786 2027 827 2058 13
846 2022 1021 2057 iudicium
1042 2025 1071 2055 A
1089 2023 1101 2066 ΙΙ
1119 2023 1289 2066 partem
1314 2024 1344 2054 A
1361 2021 1373 2065 ΙΙ
1392 2031 1455 2056 eo-

195 2071 278 2106 dem
302 2074 328 2104 13
348 2072 360 2115 ss
380 2074 517 2105 13—14
541 2070 687 2106 *eidem
712 2070 776 2104 uni
800 2070 882 2114 adp.
910 2068 956 2114 (ἓ)
982 2069 1027 2111 cf.
1053 2071 1139 2110 402,
1159 2071 1254 2103 8-9
1281 2067 1293 2112 ΙΙ
1313 2070 1449 2102 14--15

195 2117 389 2153 coniuncta
414 2120 440 2151 B
471 2119 483 2162 ΙΙ
515 2120 651 2152 15--16
675 2116 714 2151 in
739 2126 872 2161 genere
897 2118 946 2159 A,
969 2115 1142 2159 ingenere
1166 2117 1210 2157 Β,
1236 2125 1324 2149 corr.
1354 2113 1452 2160 0er

195 2168 238 2199 21
265 2163 417 2199 exitium
442 2167 506 2207 Aa,
532 2164 670 2198 exitum
689 2166 715 2196 B
734 2163 746 2207 ΙΙ
765 2167 809 2197 23
835 2161 1075 2207 conposita
1099 2164 1129 2194 A
1147 2161 1159 2205 ΙΙ
1175 2162 1304 2195 neutro
1329 2162 1356 2194 B
1375 2161 1388 2205 ΙΙ
1406 2163 1450 2194 25

196 2211 448 2255 discreparent
471 2211 563 2254 Aer,
590 2210 871 2254 dispertirentur
896 2208 966 2243 8οή
996 2209 1007 2252 ΙΙ
1037 2211 1083 2243 26
1109 2217 1294 2252 opponens
1318 2209 1344 2240 B
1371 2208 1383 2251 ΙΙ
1408 2209 1452 2240 28

197 2257 379 2292 efficerem
404 2260 430 2290 B
449 2258 461 2302 ΙΙ
480 2261 523 2291 29
550 2256 682 2302 aeque]
710 2267 804 2300 quae
829 2259 854 2289 P
