1604 2488
389 61 816 100 DECLAMATIONES.
853 62 1128 99 CCCXXXVII.
1306 63 1394 105 325

635 170 868 215 SERMO.

195 252 396 297 Summae
427 256 574 310 partes
607 257 708 297 sunt
740 254 987 310 aequitatis.

520 371 973 415 DEOLAMATIO.

189 454 322 497 Pater
352 455 478 497 nobis
510 455 625 497 idem
656 454 762 510 fuit,
798 455 946 497 eadem
979 469 1111 497 onera
1142 456 1286 511 nobis,
1328 471 1395 499 ea-

103 514 201 556 dem
226 515 343 557 bona
367 515 560 570 reliquit:
586 529 662 557 cur
685 517 734 556 tu
761 514 953 570 locuples
980 514 1056 556 es?
1082 516 1195 570 apud
1220 517 1263 558 te
1290 530 1394 571 ager
1420 526 1440 558 5

102 575 240 630 totus,
287 588 366 628 pro
410 588 495 630 quo
533 573 646 616 nihil
683 574 938 630 inpendisti‚
981 574 1093 616 nihil
1134 575 1392 617 numerasti:

103 647 185 690 ego
217 633 378 689 nudus,
418 647 498 689 ego
537 646 708 689 egenus.
770 636 863 675 erat
893 633 976 676 hoc
1006 634 1257 688 tolerabile,
1295 649 1394 676 cum

102 691 269 735 viderer
306 691 354 735 in
391 706 518 746 aequo
549 694 691 735 tecum
723 693 905 748 positus.
967 693 1110 736 aufers
1148 693 1258 735 mihi
1290 694 1393 735 civi-

101 751 206 794 tatis
238 751 493 794 beneficium
521 754 564 794 et
589 767 657 794 me
685 752 746 794 sic
771 752 993 807 relinquis,
1023 755 1250 809 tamquam
1269 755 1394 808 pater

101 812 275 866 praeter
313 825 385 854 aes
425 811 612 854 alienum
648 811 760 853 nihil
798 812 1032 866 reliquerit.
1095 814 1189 854 tum
1223 827 1392 868 quoque
1420 823 1465 855 10

101 869 263 912 invitus
299 870 402 913 feci:
448 871 604 913 aetatis
647 885 767 913 meae
805 870 1054 913 infirmitati
1088 871 1297 914 consului.
1349 869 1393 914 Si

101 929 340 972 hereditate
383 930 466 972 tibi
510 943 615 984 ager
652 930 735 971 iste
773 930 978 984 venisset,
1021 930 1254 973 inhumane
1296 945 1393 973 cum

100 987 235 1031 fratre
271 1002 359 1031 non
395 989 635 1044 partireris.
704 1003 791 1031 non
834 992 1008 1031 tantum
1048 990 1272 1045 sanguinis
1313 1004 1393 1032 nos

99 1047 196 1090 iura
227 1048 513 1103 coniungunt:
549 1048 714 1104 aliquid
747 1051 790 1091 et
820 1048 917 1103 ipsa
947 1049 1199 1103 necessitas,
1231 1049 1395 1105 aliquid

101 1111 145 1149 et
174 1107 273 1161 ipsa
305 1108 501 1151 societas.
1421 1119 1465 1151 15

568 1246 936 1292 CCCXXXVII.

366 1329 550 1373 seditio
582 1331 751 1385 populi
782 1331 832 1374 et
863 1331 1124 1376 exercitus.

102 1413 190 1465 QUI
221 1424 393 1456 CAUSAS
425 1426 475 1455 IN
508 1425 692 1457 SENATU
723 1426 1057 1457 VOLUNTARIAE
1090 1427 1264 1459 MORTIS
1295 1428 1394 1460 NON

219 1484 600 1527 ADPROBAVERIT,
626 1485 912 1517 INSEPULTUS
933 1485 1197 1518 ABICIATUR.
1222 1475 1394 1532 Pauper

221 1535 264 1574 et
307 1532 428 1575 dives
467 1533 646 1577 inimici.
715 1534 889 1589 utrique
928 1533 1080 1576 domus
1119 1536 1163 1576 et
1201 1549 1311 1578 uxor
1349 1539 1392 1578 et
1418 1546 1463 1578 20

219 1591 358 1634 liberi.
419 1591 506 1634 dux
543 1595 712 1635 creatus
751 1593 868 1636 bello
907 1593 1025 1635 dives
1065 1608 1162 1636 cum
1199 1594 1268 1637 bis
1301 1595 1391 1638 acie

220 1651 362 1694 victus
395 1654 529 1707 esset,
560 1653 773 1707 processit
803 1667 985 1708 pauper,
1024 1652 1098 1708 qui
1131 1655 1174 1695 et
1206 1653 1391 1697 disertus

221 1713 325 1766 erat,
357 1713 400 1753 et
424 1710 533 1754 dixit
557 1712 683 1766 prodi
707 1726 800 1753 rem
825 1712 1046 1767 publicam
1073 1727 1099 1754 a
1124 1712 1269 1755 divite.
1313 1714 1391 1756 im-

218 1773 344 1825 petus
382 1770 430 1812 in
468 1771 644 1813 domum
683 1771 830 1814 divitis
875 1771 1016 1814 factus
1056 1774 1123 1814 est
1163 1787 1188 1814 a
1226 1773 1390 1828 populo

221 1831 264 1871 et
289 1829 442 1872 domus
467 1830 645 1872 incensa
666 1832 710 1872 et
728 1830 948 1872 interfecti
973 1830 1101 1872 liberi
1127 1845 1225 1873 cum
1251 1846 1393 1875 uxore.
1419 1843 1465 1874 25

219 1888 327 1930 vicit
357 1888 490 1931 tertia
521 1889 612 1930 acie
645 1889 764 1931 dives
797 1892 841 1930 et
871 1890 916 1930 in
946 1892 1211 1944 potestatem
1243 1890 1392 1934 hostes

218 1947 399 2003 redegit.
457 1948 670 1990 exercitus
702 1947 853 1990 divitis
886 1948 1064 1990 domum
1095 1950 1299 2005 pauperis
1331 1951 1394 1992 in-

195 2067 217 2099 8
242 2062 398 2099 videbar
422 2063 481 2099 Ro
500 2063 512 2108 ss
531 2062 571 2098 in
596 2063 667 2099 hoc
693 2066 771 2107 AB,
798 2075 890 2101 corr.
910 2064 969 2100 Ro
995 2069 1028 2100 et
1053 2065 1106 2100 Ri
1124 2067 1135 2111 ΙΙ
1155 2069 1214 2100 9-
1227 2070 1270 2102 10
1296 2068 1392 2102 tam-

101 2122 215 2155 quam
240 2110 334 2146 mihi
358 2110 455 2145 nihil
480 2110 675 2155 reliquerit
700 2114 765 2156 Aa,
789 2112 970 2157 tanquam
996 2112 1090 2147 mihi
1114 2111 1210 2147 nihil
1231 2115 1339 2159 pater
1356 2126 1393 2159 p.

100 2168 134 2195 a.
155 2168 188 2196 a.
209 2158 273 2194 rel.
294 2161 321 2192 B
341 2159 352 2202 ΙΙ
374 2162 416 2193 11
443 2157 702 2193 infirmitatem
727 2161 807 2202 AB,
833 2170 924 2195 corr.
946 2160 997 2195 Pi
1016 2162 1027 2205 ΙΙ
1049 2164 1187 2196 11--12
1209 2161 1240 2196 si
1259 2160 1393 2209 (alia)

102 2204 313 2241 hereditate
339 2206 397 2241 Ro
423 2207 435 2250 ΙΙ
462 2210 505 2240 12
531 2205 601 2241 tibi
627 2216 693 2240 om.
720 2209 750 2239 A
774 2207 786 2251 ΙΙ
814 2211 857 2242 13
883 2207 1057 2252 partieris
1083 2210 1154 2252 Aa,
1186 2208 1388 2254 pepetieris

103 2254 131 2285 B
150 2253 162 2296 ΙΙ
181 2256 224 2288 21
252 2253 309 2288 bis
336 2252 383 2288 ab
409 2253 489 2288 acie
515 2254 641 2298 Δ1124
666 2252 704 2288 in
731 2253 841 2289 domo
869 2255 903 2291 d.
931 2257 998 2288 AB
1018 2255 1029 2300 ΙΙ
1050 2259 1093 2291 27
1121 2256 1253 2292 domus
1279 2259 1333 2289 Aa.
