1560 2462
179 98 246 133 XX
665 98 946 134 PRAEFATIO.

177 197 290 246 gonis
321 197 531 244 Portensis,
562 197 612 234 ad
641 209 757 245 quem
786 197 886 235 falso
917 197 1060 235 missus
1091 200 1177 236 erat
1206 198 1362 236 libellus
1394 200 1434 236 et

176 261 305 310 ipsum
335 260 656 309 Lugdunensem,
686 261 818 299 ullam.

264 324 493 372 Praeterea,
524 324 557 362 si
588 326 718 362 certus
744 326 880 362 auctor
906 326 968 362 est
987 323 1134 372 Caspar
1151 325 1338 364 Bai-thius
1363 319 1434 378 (ad

178 388 272 436 Pap.
305 387 406 425 Stat.
437 387 558 424 Theb.
591 386 664 436 IX,
698 389 778 426 169
811 399 900 436 pag.
934 384 1048 438 96s7)
1089 388 1231 437 „etiam
1262 388 1432 427 Basilius

176 451 306 489 Faber
343 445 613 502 (1520—76)
656 451 723 499 qui
766 451 1040 489 scholasticum
1081 452 1231 490 lexicon
1275 452 1433 491 Latino-

183 515 457 554 Germanicum
483 515 657 564 scripsit,
683 528 722 552 se
742 515 892 563 aliquot
916 518 1098 554 centenas
1117 515 1347 561 Quintiliani
1371 517 1435 555 de-

177 579 428 617 clamationes
447 579 632 617 habuisse
661 591 803 628 easque
823 577 992 628 Oporino
1018 580 1262 619 excudendas
1281 580 1434 619 dedisse

177 643 312 680 scribit
342 643 381 679 in
414 638 486 687 Qui
523 641 937 692 commemoratione“;
980 655 1097 692 quam
1132 644 1173 682 in
1209 645 1329 682 lexico
1363 645 1433 683 illo

175 719 254 744 non
283 706 449 744 invenio.
497 705 608 744 Libri
639 718 688 744 an
719 718 837 744 manu
869 707 1003 755 scripti
1034 707 1191 755 fuerint,
1225 708 1432 746 admodum

176 771 385 819 incertum3
418 770 536 808 editio
569 767 730 818 Oporini
759 771 869 808 nulla
899 772 1038 809 exstat.

264 833 440 882 Denique
472 833 673 871 Latinium
704 828 953 886 (1513—-93
1014 829 1031 885 )
1057 835 1097 872 in
1122 835 1225 873 notis
1251 835 1433 874 editionis

176 897 491 935 Burmannianae
510 899 572 935 ter
598 893 652 948 (p.
672 898 768 943 438,
795 898 878 935 439
906 892 987 949 bis)
1022 898 1190 946 legimus
1215 911 1287 947 „ex
1311 897 1434 938 MSS“

176 961 324 1009 aliquid
353 961 583 1009 protulisse,
614 961 717 1009 quod
748 961 952 1008 paululum
983 960 1147 999 discedit
1177 973 1201 1000 a
1225 962 1366 1001 codicis
1386 963 1432 1011 A,

176 1025 216 1062 in
240 1037 315 1073 quo
337 1025 418 1062 solo
438 1024 479 1062 hi
499 1025 545 1061 de
565 1024 707 1073 quibus
726 1023 923 1072 loquimur
942 1025 1018 1062 loci
1036 1028 1202 1074 exstant,
1229 1027 1431 1075 scriptura.

177 1087 253 1126 Sed
285 1099 456 1126 errorem
488 1089 659 1137 aliquem
695 1090 790 1137 puto
829 1088 990 1126 subesse
1025 1101 1095 1126 nec
1132 1101 1178 1126 ex
1214 1102 1324 1139 msa,
1365 1090 1434 1128 sed

177 1164 225 1189 ex
256 1163 297 1189 se
328 1151 459 1200 potius
491 1151 692 1189 Latinium
722 1151 911 1189 hausisse.
961 1147 1026 1202 (In
1048 1153 1433 1202 ‚‚lucubrationibus“

177 1215 277 1263 eius,
309 1215 426 1253 editis
456 1216 603 1253 Romae
643 1217 773 1264 1659,
809 1215 907 1252 nihil
937 1215 1055 1264 inest⁷
1093 1217 1197 1265 quod
1228 1217 1278 1255 ad
1308 1217 1434 1256 decla-

177 1279 368 1317 mationes
401 1278 634 1323 Quintiliani
664 1275 887 1329 pertineat).

293 1342 448 1390 Restat,
491 1344 537 1380 ut
579 1345 787 1391 postquam
822 1342 893 1380 BC
931 1343 1122 1381 librorum
1164 1345 1268 1382 inter
1309 1357 1351 1383 se
1394 1348 1434 1384 et

177 1419 266 1443 cum
297 1405 352 1443 eis
381 1406 448 1454 qui
467 1406 660 1455 deperditi
683 1409 952 1444 memorantur
975 1407 1172 1446 codicibus
1197 1409 1433 1448 coniunctio-

175 1481 266 1507 nem
295 1469 599 1518 illustravimus,
635 1469 736 1506 libro
773 1469 811 1506 A
841 1482 994 1519 quoque
1030 1471 1108 1509 iam
1145 1472 1282 1511 demus
1319 1486 1433 1511 suum

177 1533 305 1570 locum
343 1534 383 1569 et
419 1533 578 1580 plenum
614 1534 851 1570 constituere
887 1545 1072 1572 conemur
1107 1535 1282 1574 codicum
1321 1538 1434 1586 quasi

177 1599 353 1634 stemma.

263 1659 338 1697 Est
362 1660 494 1696 autem
518 1658 556 1696 A
579 1671 656 1698 non
680 1659 794 1697 modo
819 1661 971 1708 plenior
995 1674 1111 1710 quam
1136 1662 1207 1701 BC
1233 1666 1273 1702 et
1292 1677 1433 1703 novem

177 1722 523 1760 declamationibus
560 1723 726 1772 auctior,
765 1724 831 1761 sed
869 1724 987 1761 etiam
1023 1726 1240 1774 scripturae
1269 1728 1310 1765 in
1346 1729 1434 1766 uni-

175 1797 332 1825 versum
362 1786 468 1824 haud
499 1785 614 1824 dubie
645 1787 821 1835 potioris.
875 1787 1041 1836 Propius
1071 1789 1211 1839 igitur,
1243 1794 1433 1841 quantum

175 1849 268 1888 licet
315 1849 563 1898 intellegere,
612 1851 725 1888 abest
767 1851 815 1888 ab
858 1851 926 1888 illo
957 1852 1169 1900 exemplari
1207 1855 1432 1906 archetypo,

177 1913 280 1962 quod
324 1913 434 1962 signo
471 1913 490 1950 I
526 1914 624 1952 libet
659 1916 808 1954 notare.
875 1914 1010 1953 Litera
1038 1931 1064 1952 α
1092 1918 1273 1956 notamus
1305 1931 1432 1957 exem-

174 1977 263 2027 plar
303 1976 419 2025 illud,
467 1988 514 2015 ex
556 1991 632 2027 quo
679 1977 791 2016 fluxit
824 1978 878 2028 A;
914 1979 1017 2028 quod
1058 1981 1311 2029 cognovimus
1370 1978 1432 2020 on

177 2043 294 2079 saec.⁰
342 2041 464 2078 fuisse
494 2042 736 2090 mutilatum,
767 2043 971 2091 deperdita
997 2046 1109 2092 parte
1133 2045 1262 2094 priore
1293 2049 1332 2084 et
1356 2047 1434 2096 pri-

175 2105 249 2143 mis
286 2104 460 2153 paginis,
497 2117 664 2153 quarum
693 2106 849 2144 initium
881 2109 966 2145 erat
996 2119 1019 2144 a
1049 2107 1144 2147 decl.
1177 2110 1260 2148 244
1291 2111 1432 2158 media,

175 2168 383 2206 manifesto
427 2168 506 2206 situ
548 2170 742 2218 corruptis
786 2170 1001 2220 deletisque
1044 2171 1094 2209 ad
1138 2173 1310 2222 aliquam
1345 2187 1432 2223 par-

176 2234 255 2270 tem
288 2244 423 2270 earum
450 2232 588 2272 literis.
635 2232 911 2274 Controversia
940 2237 1071 2284 potest
1094 2237 1244 2275 moveri
1274 2238 1320 2276 de
1351 2239 1432 2287 illo,
