1604 2488
534 106 959 144 DECLAMATIONES.
988 106 1103 143 CCCI.
1371 106 1457 149 185

741 239 893 284 CCCI.

449 322 605 379 Rapta
635 336 662 366 a
688 323 838 367 divite
868 334 955 379 pro
982 323 1176 367 ancilla.

164 405 334 463 Pauper
365 406 545 450 divitem
575 407 780 450 invitavit
812 407 865 450 ad
898 422 1060 450 cenam.
1123 409 1218 449 erat
1249 407 1295 449 in
1326 407 1454 450 mini-

286 467 419 510 sterio
451 467 598 522 puella
629 467 845 523 pauperis.
908 467 1201 523 interrogatus
1234 481 1398 522 pauper
1429 481 1455 509 a

285 525 430 578 divite,
457 541 669 581 quaenam
695 529 821 579 esset,
849 526 958 569 dixit
984 526 1198 569 ancillam.
1231 526 1452 569 discedens
1481 539 1503 570 5

284 599 310 627 a
341 599 447 628 cena
479 586 599 628 dives
633 600 729 628 eam
760 585 920 642 rapuit.
962 586 1114 628 educta
1147 585 1200 628 ad
1225 585 1455 642 magistra·

283 647 354 687 tus
392 645 536 700 puella
575 659 627 687 ex
666 646 761 701 lege
801 648 1025 701 raptarum
1064 645 1240 701 nuptias
1274 645 1454 700 optavit.

285 703 404 747 dives
437 707 612 747 accusat
642 719 876 760 pauperem
909 704 1335 760 circumscriptionis.

697 821 929 866 SERMO.

252 905 403 949 Etiam
435 906 470 948 si
503 921 601 948 reus
634 909 700 949 est
731 907 802 949 hic
833 920 1014 963 pauper,
1043 921 1133 949 non
1163 908 1311 949 tamen
1342 905 1452 948 mihi
1480 918 1526 950 10

164 964 335 1008 videtur
367 979 518 1021 aspere
552 969 594 1008 et
626 966 839 1008 concitate
873 969 1026 1008 contra
1058 966 1233 1008 divitem
1260 967 1452 1008 acturus:

165 1039 254 1067 non
285 1027 456 1067 tantum
488 1027 715 1068 accusator
747 1025 865 1067 dives
898 1025 983 1078 illi,
1022 1025 1098 1068 sed
1129 1039 1262 1082 gener
1294 1027 1379 1080 est,
1411 1027 1454 1067 et

162 1097 243 1127 nos
274 1098 363 1126 non
395 1098 542 1127 sumus
574 1084 786 1127 iracundi:
818 1086 948 1140 rapta
978 1084 1155 1140 nuptias
1189 1085 1370 1140 optavit.

574 1201 1042 1247 DEOLAMATIO.

254 1282 301 1327 Si
338 1284 425 1327 alio
465 1288 696 1328 accusante
734 1284 920 1328 dicerem
952 1300 1145 1341 causam,
1191 1285 1380 1328 sciebam
1413 1288 1455 1329 et
1482 1296 1527 1329 15

163 1346 367 1398 expertus
405 1344 601 1398 proxime
640 1359 777 1399 eram,
816 1359 909 1387 6886
946 1345 1074 1387 nobis
1108 1359 1289 1400 aequam
1322 1345 1455 1387 etiam

165 1402 372 1445 adversus
420 1403 576 1445 divites
627 1403 887 1446 libertatem.
950 1404 1024 1446 sed
1062 1418 1150 1459 me,
1192 1419 1454 1460 quamquam

164 1461 468 1517 indignissime
498 1466 643 1518 petar,
681 1477 769 1505 non
799 1465 891 1504 tam
923 1463 1012 1518 lex,
1051 1478 1180 1518 quam
1211 1465 1324 1506 ratio
1356 1478 1453 1519 pro-

165 1520 288 1563 hibet
318 1535 343 1563 a
375 1521 593 1564 conviciis.

252 1579 351 1637 Ego
388 1580 503 1623 hunc
536 1581 724 1623 amicum
757 1595 927 1637 semper
959 1582 1125 1637 optavi,
1169 1582 1303 1624 etiam
1335 1586 1452 1624 ante·
1478 1592 1526 1624 20

163 1653 294 1695 quam
326 1654 465 1682 essem
498 1654 631 1695 socer,
663 1643 707 1682 et
739 1640 854 1684 colui
887 1644 931 1684 et
962 1641 1125 1696 aliquid
1158 1642 1291 1684 etiam
1323 1656 1453 1697 supra

161 1699 277 1741 vires
314 1698 594 1742 facultatium
631 1714 825 1742 mearum
863 1700 909 1742 in
947 1700 1199 1755 excipiendo
1238 1715 1288 1743 eo
1323 1716 1452 1744 ausus

162 1771 271 1800 sum.
322 1760 452 1814 atque
483 1759 528 1801 id
559 1773 628 1802 me
659 1759 815 1802 fecisse
848 1762 948 1802 ante
974 1760 1120 1802 omnia
1152 1760 1373 1814 confiteor,
1405 1763 1454 1802 ut

154 1820 386 1872 patronum
423 1817 605 1861 haberet
642 1818 733 1861 filia
774 1833 882 1861 mea.
931 1833 1045 1862 nunc
1076 1834 1180 1862 vero
1214 1834 1311 1862 eum
1342 1819 1453 1861 mihi

162 1876 340 1919 fortuna
377 1877 475 1933 ipsa
507 1891 713 1933 generum
746 1878 883 1934 dedit,
922 1893 1050 1934 quem
1081 1879 1269 1921 maxime
1301 1878 1451 1935 dilige·
1477 1888 1524 1920 25

159 1936 274 1979 bam.
323 1939 419 1979 tota
456 1936 604 1992 itaque
642 1937 769 1992 haec,
807 1952 918 1992 quae
954 1952 1033 1992 pro
1072 1938 1322 1981 innocentia
1354 1952 1452 1980 mea

161 1995 452 2052 adhibebitur,
475 2011 563 2039 11011
588 1998 680 2038 tam
707 1995 898 2039 defensio
926 1997 1018 2052 erit,
1044 2011 1174 2052 quam
1195 1997 1451 2039 satisfactio.

259 2116 300 2147 11
329 2123 463 2158 aspure
489 2115 519 2146 A
544 2113 556 2158 ΙΙ
581 2111 750 2148 concit
774 2115 804 2146 A
823 2113 835 2158 ΙΙ
860 2113 1029 2148 contrate
1054 2115 1084 2147 A
1103 2114 1115 2158 ΙΙ
1136 2117 1178 2148 13
1204 2113 1290 2160 1108]
1315 2113 1453 2149 nostris

160 2158 219 2195 Ro
237 2159 249 2205 ΙΙ
268 2170 342 2195 11011
361 2170 428 2196 om.
448 2162 502 2193 Aa.
519 2161 532 2205 u
551 2159 698 2195 abtavit
717 2162 781 2205 Aa,
809 2160 955 2196 obtavit
974 2163 1026 2194 Ab
1046 2162 1058 2207 ΙῙ
1079 2164 1124 2196 14
1143 2159 1347 2197 *Narratio
1361 2163 1426 2195 AB
1439 2160 1452 2207 Η

163 2210 207 2241 15
234 2207 287 2243 810
311 2210 338 2241 1²
355 2208 368 2252 ΙΙ
390 2211 432 2242 16
459 2207 558 2242 esset
582 2210 612 2241 A
631 2208 643 2252 ss
664 2211 706 2242 17
734 2206 890 2243 divitem
909 2209 994 2253 Δ311
1013 2212 1057 2243 21
1079 2219 1156 2244 esse
1176 2211 1207 2242 A
1226 2210 1238 2254 ΙΙ
1257 2208 1358 2244 001111
1383 2208 1451 2243 311-

162 2253 252 2298 quid
276 2257 307 2288 A
337 2255 349 2300 11
380 2264 514 2300 supera
544 2257 598 2289 Aa
629 2256 640 2300 ΙΙ
671 2259 716 2291 22
741 2254 966 2291 facultatum
991 2258 1018 2290 B
1050 2257 1062 2301 ΙΙ
1093 2259 1139 2290 24
1164 2256 1349 2301 potiorem
1375 2258 1451 2299 AB,

161 2310 252 2338 corr.
280 2301 428 2346 611127
457 2301 595 2337 satisf
615 2305 646 2336 A
