<?xml version="1.0" encoding="UTF-8"?>
<!DOCTYPE html PUBLIC "-//W3C//DTD XHTML 1.0 Transitional//EN"
    "http://www.w3.org/TR/xhtml1/DTD/xhtml1-transitional.dtd">
<html xmlns="http://www.w3.org/1999/xhtml" xml:lang="en" lang="en">
 <head>
  <title>
</title>
<meta http-equiv="Content-Type" content="text/html;charset=utf-8" />
  <meta name='ocr-system' content='tesseract 3.04.00' />
  <meta name='ocr-capabilities' content='ocr_page ocr_carea ocr_par ocr_line ocrx_word'/>
</head>
<body>
  <div class='ocr_page' id='page_1' title='image "./declamationesqua00quinuoft_0081.png"; bbox 0 0 1586 2476; ppageno 0'>
   <div class='ocr_carea' id='block_1_1' title="bbox 465 95 1407 137">
    <p class='ocr_par' dir='ltr' id='par_1_1' title="bbox 465 95 1407 137">
     <span class='ocr_line' id='line_1_1' title="bbox 465 95 1407 137; baseline 0.005 -5"><span class='ocrx_word' id='word_1_1' title='bbox 465 96 893 135; x_wconf 83' lang='lat' dir='ltr'>DECLAMATIONES.</span> <span class='ocrx_word' id='word_1_2' title='bbox 920 95 976 133; x_wconf 85' lang='lat' dir='ltr'>CC</span> <span class='ocrx_word' id='word_1_3' title='bbox 983 96 1057 132; x_wconf 81' lang='lat' dir='ltr'>LV.</span> <span class='ocrx_word' id='word_1_4' title='bbox 1348 95 1407 137; x_wconf 84' lang='lat'>45</span> 
     </span>
    </p>
   </div>
   <div class='ocr_carea' id='block_1_2' title="bbox 111 204 1479 1869">
    <p class='ocr_par' dir='ltr' id='par_1_2' title="bbox 112 204 1407 428">
     <span class='ocr_line' id='line_1_2' title="bbox 114 204 1406 251; baseline -0.003 0"><span class='ocrx_word' id='word_1_5' title='bbox 114 208 224 251; x_wconf 80' lang='lat' dir='ltr'>tima</span> <span class='ocrx_word' id='word_1_6' title='bbox 260 207 305 250; x_wconf 86' lang='lat' dir='ltr'>et</span> <span class='ocrx_word' id='word_1_7' title='bbox 342 205 397 249; x_wconf 86' lang='lat' dir='ltr'>ad</span> <span class='ocrx_word' id='word_1_8' title='bbox 436 205 600 249; x_wconf 86' lang='lat' dir='ltr'>famam</span> <span class='ocrx_word' id='word_1_9' title='bbox 631 207 747 249; x_wconf 86' lang='lat' dir='ltr'>itura</span> <span class='ocrx_word' id='word_1_10' title='bbox 777 206 930 249; x_wconf 85' lang='lat' dir='ltr'>fecisse</span> <span class='ocrx_word' id='word_1_11' title='bbox 961 205 1148 249; x_wconf 87' lang='lat' dir='ltr'>fortasse</span> <span class='ocrx_word' id='word_1_12' title='bbox 1180 204 1406 248; x_wconf 73' lang='lat' dir='ltr'>honestius</span> 
     </span>
     <span class='ocr_line' id='line_1_3' title="bbox 112 264 1406 322; baseline -0.002 -12"><span class='ocrx_word' id='word_1_13' title='bbox 112 266 247 321; x_wconf 74' lang='lat' dir='ltr'>foret,</span> <span class='ocrx_word' id='word_1_14' title='bbox 260 267 459 322; x_wconf 75' lang='lat' dir='ltr'>quamvis</span> <span class='ocrx_word' id='word_1_15' title='bbox 478 266 655 309; x_wconf 86' lang='lat' dir='ltr'>obstare</span> <span class='ocrx_word' id='word_1_16' title='bbox 675 266 844 308; x_wconf 85' lang='lat' dir='ltr'>utilitas</span> <span class='ocrx_word' id='word_1_17' title='bbox 864 265 1097 308; x_wconf 87' lang='lat' dir='ltr'>videretur.</span> <span class='ocrx_word' id='word_1_18' title='bbox 1130 279 1242 308; x_wconf 90' lang='lat' dir='ltr'>nunc</span> <span class='ocrx_word' id='word_1_19' title='bbox 1263 264 1406 308; x_wconf 90' lang='lat' dir='ltr'>minus</span> 
     </span>
     <span class='ocr_line' id='line_1_4' title="bbox 113 324 1407 383; baseline -0.001 -15"><span class='ocrx_word' id='word_1_20' title='bbox 113 325 254 370; x_wconf 87' lang='lat' dir='ltr'>laudis</span> <span class='ocrx_word' id='word_1_21' title='bbox 295 326 427 369; x_wconf 79' lang='lat' dir='ltr'>multo</span> <span class='ocrx_word' id='word_1_22' title='bbox 459 326 556 382; x_wconf 88' lang='lat' dir='ltr'>plus</span> <span class='ocrx_word' id='word_1_23' title='bbox 587 327 737 383; x_wconf 73' lang='lat' dir='ltr'>tamen</span> <span class='ocrx_word' id='word_1_24' title='bbox 769 325 1016 368; x_wconf 71' lang='lat' dir='ltr'>securitatis</span> <span class='ocrx_word' id='word_1_25' title='bbox 1048 324 1184 380; x_wconf 77' lang='lat' dir='ltr'>habet,</span> <span class='ocrx_word' id='word_1_26' title='bbox 1222 324 1407 368; x_wconf 87' lang='lat' dir='ltr'>honesta</span> 
     </span>
     <span class='ocr_line' id='line_1_5' title="bbox 113 385 267 428; baseline 0 0"><span class='ocrx_word' id='word_1_27' title='bbox 113 385 267 428; x_wconf 79' lang='lat' dir='ltr'>facere.</span> 
     </span>
    </p>

    <p class='ocr_par' dir='ltr' id='par_1_3' title="bbox 111 443 1479 1274">
     <span class='ocr_line' id='line_1_6' title="bbox 201 443 1454 500; baseline -0.002 -12"><span class='ocrx_word' id='word_1_28' title='bbox 201 443 344 488; x_wconf 88' lang='lat' dir='ltr'>Nemo</span> <span class='ocrx_word' id='word_1_29' title='bbox 380 444 516 500; x_wconf 86' lang='lat' dir='ltr'>igitur</span> <span class='ocrx_word' id='word_1_30' title='bbox 554 444 816 487; x_wconf 88' lang='lat' dir='ltr'>dubitaverit</span> <span class='ocrx_word' id='word_1_31' title='bbox 853 443 1135 500; x_wconf 87' lang='lat' dir='ltr'>turpissimos</span> <span class='ocrx_word' id='word_1_32' title='bbox 1176 458 1288 499; x_wconf 91' lang='lat' dir='ltr'>esse,</span> <span class='ocrx_word' id='word_1_33' title='bbox 1334 443 1408 499; x_wconf 91' lang='lat' dir='ltr'>qui</span> <span class='ocrx_word' id='word_1_34' title='bbox 1434 454 1454 486; x_wconf 89' lang='lat'>5</span> 
     </span>
     <span class='ocr_line' id='line_1_7' title="bbox 112 503 1407 560; baseline -0.001 -13"><span class='ocrx_word' id='word_1_35' title='bbox 112 503 441 560; x_wconf 74' lang='lat' dir='ltr'>transfugerint.</span> <span class='ocrx_word' id='word_1_36' title='bbox 487 506 729 560; x_wconf 71' lang='lat' dir='ltr'><strong>spectemus</strong></span> <span class='ocrx_word' id='word_1_37' title='bbox 757 503 874 547; x_wconf 90' lang='lat' dir='ltr'>enim</span> <span class='ocrx_word' id='word_1_38' title='bbox 898 518 991 546; x_wconf 90' lang='lat' dir='ltr'>rem</span> <span class='ocrx_word' id='word_1_39' title='bbox 1015 503 1173 560; x_wconf 84' lang='lat' dir='ltr'>ipsam,</span> <span class='ocrx_word' id='word_1_40' title='bbox 1196 517 1336 559; x_wconf 89' lang='lat' dir='ltr'>neque</span> <span class='ocrx_word' id='word_1_41' title='bbox 1357 517 1407 546; x_wconf 91' lang='lat' dir='ltr'>eo</span> 
     </span>
     <span class='ocr_line' id='line_1_8' title="bbox 113 562 1408 619; baseline -0.002 -13"><span class='ocrx_word' id='word_1_42' title='bbox 113 563 400 619; x_wconf 81' lang='lat' dir='ltr'><strong>decipiamur,</strong></span> <span class='ocrx_word' id='word_1_43' title='bbox 439 563 552 618; x_wconf 90' lang='lat' dir='ltr'>quod</span> <span class='ocrx_word' id='word_1_44' title='bbox 583 564 692 606; x_wconf 87' lang='lat' dir='ltr'>utile</span> <span class='ocrx_word' id='word_1_45' title='bbox 723 563 910 618; x_wconf 82' lang='lat' dir='ltr'>videtur,</span> <span class='ocrx_word' id='word_1_46' title='bbox 948 563 1091 606; x_wconf 87' lang='lat' dir='ltr'>hostis</span> <span class='ocrx_word' id='word_1_47' title='bbox 1124 566 1191 605; x_wconf 89' lang='lat' dir='ltr'>est</span> <span class='ocrx_word' id='word_1_48' title='bbox 1234 563 1307 618; x_wconf 87' lang='lat' dir='ltr'>qui</span> <span class='ocrx_word' id='word_1_49' title='bbox 1348 562 1408 605; x_wconf 86' lang='lat' dir='ltr'>fa·</span> 
     </span>
     <span class='ocr_line' id='line_1_9' title="bbox 113 622 1408 678; baseline -0.001 -12"><span class='ocrx_word' id='word_1_50' title='bbox 113 623 191 666; x_wconf 89' lang='lat' dir='ltr'>cit:</span> <span class='ocrx_word' id='word_1_51' title='bbox 222 623 351 666; x_wconf 85' lang='lat' dir='ltr'>aliter</span> <span class='ocrx_word' id='word_1_52' title='bbox 383 623 711 678; x_wconf 74' lang='lat' dir='ltr'>constituamus,</span> <span class='ocrx_word' id='word_1_53' title='bbox 742 623 992 678; x_wconf 87' lang='lat' dir='ltr'>&lt;in&gt;quam,</span> <span class='ocrx_word' id='word_1_54' title='bbox 1012 625 1062 665; x_wconf 91' lang='lat' dir='ltr'>ut</span> <span class='ocrx_word' id='word_1_55' title='bbox 1087 622 1408 678; x_wconf 70' lang='lat' dir='ltr'>intellegamus,</span> 
     </span>
     <span class='ocr_line' id='line_1_10' title="bbox 112 682 1408 739; baseline -0.001 -14"><span class='ocrx_word' id='word_1_56' title='bbox 112 682 307 739; x_wconf 86' lang='lat' dir='ltr'>potuisse</span> <span class='ocrx_word' id='word_1_57' title='bbox 342 682 426 725; x_wconf 91' lang='lat' dir='ltr'>hoc</span> <span class='ocrx_word' id='word_1_58' title='bbox 469 684 513 724; x_wconf 92' lang='lat' dir='ltr'>et</span> <span class='ocrx_word' id='word_1_59' title='bbox 553 685 728 725; x_wconf 88' lang='lat' dir='ltr'>nostros</span> <span class='ocrx_word' id='word_1_60' title='bbox 759 683 914 725; x_wconf 85' lang='lat' dir='ltr'>facere.</span> <span class='ocrx_word' id='word_1_61' title='bbox 963 697 1200 739; x_wconf 83' lang='lat' dir='ltr'>numquam</span> <span class='ocrx_word' id='word_1_62' title='bbox 1230 682 1408 738; x_wconf 90' lang='lat' dir='ltr'>prodest</span> 
     </span>
     <span class='ocr_line' id='line_1_11' title="bbox 111 742 1474 798; baseline 0.001 -14"><span class='ocrx_word' id='word_1_63' title='bbox 111 742 277 784; x_wconf 81' lang='lat' dir='ltr'>malum</span> <span class='ocrx_word' id='word_1_64' title='bbox 318 742 579 798; x_wconf 80' lang='lat' dir='ltr'>exemplum3</span> <span class='ocrx_word' id='word_1_65' title='bbox 623 742 795 785; x_wconf 87' lang='lat' dir='ltr'>etiamsi</span> <span class='ocrx_word' id='word_1_66' title='bbox 831 742 878 784; x_wconf 85' lang='lat' dir='ltr'>in</span> <span class='ocrx_word' id='word_1_67' title='bbox 915 743 1135 798; x_wconf 87' lang='lat' dir='ltr'>praesenti</span> <span class='ocrx_word' id='word_1_68' title='bbox 1176 742 1401 785; x_wconf 81' lang='lat' dir='ltr'>occasione</span> <span class='ocrx_word' id='word_1_69' title='bbox 1431 753 1474 785; x_wconf 86' lang='lat'>10</span> 
     </span>
     <span class='ocr_line' id='line_1_12' title="bbox 116 801 1408 858; baseline 0 -14"><span class='ocrx_word' id='word_1_70' title='bbox 116 801 488 858; x_wconf 86' lang='lat' dir='ltr'>quodam&lt;modo&gt;</span> <span class='ocrx_word' id='word_1_71' title='bbox 508 802 707 857; x_wconf 85' lang='lat' dir='ltr'>delectat,</span> <span class='ocrx_word' id='word_1_72' title='bbox 732 801 780 844; x_wconf 92' lang='lat' dir='ltr'>in</span> <span class='ocrx_word' id='word_1_73' title='bbox 797 801 995 844; x_wconf 86' lang='lat' dir='ltr'>futurum</span> <span class='ocrx_word' id='word_1_74' title='bbox 1014 804 1163 844; x_wconf 89' lang='lat' dir='ltr'>tamen</span> <span class='ocrx_word' id='word_1_75' title='bbox 1182 802 1311 844; x_wconf 88' lang='lat' dir='ltr'>altius</span> <span class='ocrx_word' id='word_1_76' title='bbox 1332 816 1408 844; x_wconf 91' lang='lat' dir='ltr'>no-</span> 
     </span>
     <span class='ocr_line' id='line_1_13' title="bbox 118 861 1407 917; baseline -0.001 -13"><span class='ocrx_word' id='word_1_77' title='bbox 118 863 199 904; x_wconf 89' lang='lat' dir='ltr'>cet.</span> <span class='ocrx_word' id='word_1_78' title='bbox 230 861 453 917; x_wconf 86' lang='lat' dir='ltr'>proximos</span> <span class='ocrx_word' id='word_1_79' title='bbox 479 861 679 904; x_wconf 82' lang='lat' dir='ltr'>existimo</span> <span class='ocrx_word' id='word_1_80' title='bbox 700 875 794 904; x_wconf 90' lang='lat' dir='ltr'>esse</span> <span class='ocrx_word' id='word_1_81' title='bbox 819 876 892 904; x_wconf 89' lang='lat' dir='ltr'>eos</span> <span class='ocrx_word' id='word_1_82' title='bbox 918 861 1173 917; x_wconf 86' lang='lat' dir='ltr'>transfugis,</span> <span class='ocrx_word' id='word_1_83' title='bbox 1199 876 1223 904; x_wconf 93' lang='lat' dir='ltr'>a</span> <span class='ocrx_word' id='word_1_84' title='bbox 1250 861 1407 916; x_wconf 90' lang='lat' dir='ltr'>quibus</span> 
     </span>
     <span class='ocr_line' id='line_1_14' title="bbox 113 919 1407 977; baseline 0.001 -15"><span class='ocrx_word' id='word_1_85' title='bbox 113 919 368 977; x_wconf 82' lang='lat' dir='ltr'>transfugae</span> <span class='ocrx_word' id='word_1_86' title='bbox 394 920 671 975; x_wconf 86' lang='lat' dir='ltr'>recipiantur.</span> <span class='ocrx_word' id='word_1_87' title='bbox 706 920 789 963; x_wconf 91' lang='lat' dir='ltr'>hoc</span> <span class='ocrx_word' id='word_1_88' title='bbox 814 923 971 963; x_wconf 86' lang='lat' dir='ltr'>natura</span> <span class='ocrx_word' id='word_1_89' title='bbox 997 921 1139 963; x_wconf 91' lang='lat' dir='ltr'>simile</span> <span class='ocrx_word' id='word_1_90' title='bbox 1161 923 1239 975; x_wconf 86' lang='lat' dir='ltr'>est,</span> <span class='ocrx_word' id='word_1_91' title='bbox 1265 920 1407 963; x_wconf 90' lang='lat' dir='ltr'>facere</span> 
     </span>
     <span class='ocr_line' id='line_1_15' title="bbox 113 979 1408 1036; baseline 0 -14"><span class='ocrx_word' id='word_1_92' title='bbox 113 979 256 1023; x_wconf 88' lang='lat' dir='ltr'>scelus</span> <span class='ocrx_word' id='word_1_93' title='bbox 270 982 314 1022; x_wconf 88' lang='lat' dir='ltr'>et</span> <span class='ocrx_word' id='word_1_94' title='bbox 326 980 522 1035; x_wconf 86' lang='lat' dir='ltr'>probare.</span> <span class='ocrx_word' id='word_1_95' title='bbox 542 994 596 1022; x_wconf 89' lang='lat' dir='ltr'>an</span> <span class='ocrx_word' id='word_1_96' title='bbox 612 980 649 1022; x_wconf 88' lang='lat' dir='ltr'>si</span> <span class='ocrx_word' id='word_1_97' title='bbox 664 980 760 1035; x_wconf 92' lang='lat' dir='ltr'>quis</span> <span class='ocrx_word' id='word_1_98' title='bbox 774 982 973 1023; x_wconf 90' lang='lat' dir='ltr'>nostrum</span> <span class='ocrx_word' id='word_1_99' title='bbox 986 979 1307 1036; x_wconf 86' lang='lat' dir='ltr'>transfugisset,</span> <span class='ocrx_word' id='word_1_100' title='bbox 1319 995 1408 1023; x_wconf 91' lang='lat' dir='ltr'>non</span> 
     </span>
     <span class='ocr_line' id='line_1_16' title="bbox 114 1039 1479 1095; baseline 0.001 -14"><span class='ocrx_word' id='word_1_101' title='bbox 114 1039 260 1094; x_wconf 89' lang='lat' dir='ltr'>ipsum</span> <span class='ocrx_word' id='word_1_102' title='bbox 290 1039 419 1081; x_wconf 91' lang='lat' dir='ltr'>modo</span> <span class='ocrx_word' id='word_1_103' title='bbox 452 1039 691 1095; x_wconf 90' lang='lat' dir='ltr'>pessimum</span> <span class='ocrx_word' id='word_1_104' title='bbox 722 1040 859 1082; x_wconf 87' lang='lat' dir='ltr'>civem</span> <span class='ocrx_word' id='word_1_105' title='bbox 886 1042 930 1082; x_wconf 92' lang='lat' dir='ltr'>et</span> <span class='ocrx_word' id='word_1_106' title='bbox 956 1039 1158 1083; x_wconf 88' lang='lat' dir='ltr'>omnibus</span> <span class='ocrx_word' id='word_1_107' title='bbox 1182 1040 1408 1095; x_wconf 85' lang='lat' dir='ltr'>suppliciis</span> <span class='ocrx_word' id='word_1_108' title='bbox 1438 1050 1479 1082; x_wconf 85' lang='lat'>15</span> 
     </span>
     <span class='ocr_line' id='line_1_17' title="bbox 115 1098 1408 1155; baseline 0.002 -15"><span class='ocrx_word' id='word_1_109' title='bbox 115 1098 296 1154; x_wconf 84' lang='lat' dir='ltr'>dignum</span> <span class='ocrx_word' id='word_1_110' title='bbox 314 1098 578 1155; x_wconf 90' lang='lat' dir='ltr'>iudicaretis,</span> <span class='ocrx_word' id='word_1_111' title='bbox 603 1099 678 1142; x_wconf 89' lang='lat' dir='ltr'>sed</span> <span class='ocrx_word' id='word_1_112' title='bbox 699 1098 879 1142; x_wconf 89' lang='lat' dir='ltr'>infamia</span> <span class='ocrx_word' id='word_1_113' title='bbox 903 1099 1047 1154; x_wconf 88' lang='lat' dir='ltr'>etiam,</span> <span class='ocrx_word' id='word_1_114' title='bbox 1067 1100 1140 1155; x_wconf 91' lang='lat' dir='ltr'>qui</span> <span class='ocrx_word' id='word_1_115' title='bbox 1159 1100 1408 1155; x_wconf 81' lang='lat' dir='ltr'>reciperent,</span> 
     </span>
     <span class='ocr_line' id='line_1_18' title="bbox 114 1157 1409 1215; baseline 0.001 -15"><span class='ocrx_word' id='word_1_116' title='bbox 114 1158 193 1212; x_wconf 88' lang='lat' dir='ltr'>[et]</span> <span class='ocrx_word' id='word_1_117' title='bbox 221 1157 341 1200; x_wconf 81' lang='lat' dir='ltr'>velut</span> <span class='ocrx_word' id='word_1_118' title='bbox 371 1160 571 1202; x_wconf 85' lang='lat' dir='ltr'>auctores</span> <span class='ocrx_word' id='word_1_119' title='bbox 604 1159 834 1214; x_wconf 88' lang='lat' dir='ltr'>scelerum,</span> <span class='ocrx_word' id='word_1_120' title='bbox 866 1159 984 1202; x_wconf 87' lang='lat' dir='ltr'>velut</span> <span class='ocrx_word' id='word_1_121' title='bbox 1009 1159 1244 1215; x_wconf 83' lang='lat' dir='ltr'>magistros</span> <span class='ocrx_word' id='word_1_122' title='bbox 1270 1159 1409 1215; x_wconf 87' lang='lat' dir='ltr'>turpi-</span> 
     </span>
     <span class='ocr_line' id='line_1_19' title="bbox 112 1216 1407 1274; baseline 0.001 -15"><span class='ocrx_word' id='word_1_123' title='bbox 112 1216 276 1260; x_wconf 87' lang='lat' dir='ltr'>tudinis</span> <span class='ocrx_word' id='word_1_124' title='bbox 308 1217 606 1274; x_wconf 80' lang='lat' dir='ltr'>corrigeretis:</span> <span class='ocrx_word' id='word_1_125' title='bbox 638 1218 754 1261; x_wconf 90' lang='lat' dir='ltr'>idem</span> <span class='ocrx_word' id='word_1_126' title='bbox 788 1233 878 1261; x_wconf 91' lang='lat' dir='ltr'>non</span> <span class='ocrx_word' id='word_1_127' title='bbox 913 1218 1183 1261; x_wconf 90' lang='lat' dir='ltr'>reflectemus</span> <span class='ocrx_word' id='word_1_128' title='bbox 1218 1219 1263 1260; x_wconf 93' lang='lat' dir='ltr'>in</span> <span class='ocrx_word' id='word_1_129' title='bbox 1297 1218 1407 1261; x_wconf 77' lang='lat' dir='ltr'>nos?</span> 
     </span>
    </p>

    <p class='ocr_par' dir='ltr' id='par_1_4' title="bbox 112 1275 1479 1869">
     <span class='ocr_line' id='line_1_20' title="bbox 205 1275 1408 1333; baseline 0.002 -15"><span class='ocrx_word' id='word_1_130' title='bbox 205 1275 399 1319; x_wconf 83' lang='lat' dir='ltr'>Tandem</span> <span class='ocrx_word' id='word_1_131' title='bbox 429 1277 623 1320; x_wconf 89' lang='lat' dir='ltr'>utilitate</span> <span class='ocrx_word' id='word_1_132' title='bbox 654 1277 790 1333; x_wconf 87' lang='lat' dir='ltr'>ducti,</span> <span class='ocrx_word' id='word_1_133' title='bbox 826 1279 873 1320; x_wconf 92' lang='lat' dir='ltr'>in</span> <span class='ocrx_word' id='word_1_134' title='bbox 906 1278 1079 1320; x_wconf 83' lang='lat' dir='ltr'>auxiliis</span> <span class='ocrx_word' id='word_1_135' title='bbox 1111 1278 1306 1327; x_wconf 83' lang='lat' dir='ltr'>habituri</span> <span class='ocrx_word' id='word_1_136' title='bbox 1339 1293 1408 1320; x_wconf 91' lang='lat' dir='ltr'>su-</span> 
     </span>
     <span class='ocr_line' id='line_1_21' title="bbox 115 1336 1479 1393; baseline 0.001 -15"><span class='ocrx_word' id='word_1_137' title='bbox 115 1349 225 1391; x_wconf 86' lang='lat' dir='ltr'>mus,</span> <span class='ocrx_word' id='word_1_138' title='bbox 255 1350 363 1392; x_wconf 90' lang='lat' dir='ltr'>quos</span> <span class='ocrx_word' id='word_1_139' title='bbox 394 1336 680 1392; x_wconf 78' lang='lat' dir='ltr'>recipiemus?</span> <span class='ocrx_word' id='word_1_140' title='bbox 712 1337 942 1393; x_wconf 85' lang='lat' dir='ltr'>fingamus,</span> <span class='ocrx_word' id='word_1_141' title='bbox 974 1351 1070 1379; x_wconf 86' lang='lat' dir='ltr'>eam</span> <span class='ocrx_word' id='word_1_142' title='bbox 1097 1338 1286 1380; x_wconf 85' lang='lat' dir='ltr'>civitatis</span> <span class='ocrx_word' id='word_1_143' title='bbox 1313 1351 1408 1380; x_wconf 89' lang='lat' dir='ltr'>esse</span> <span class='ocrx_word' id='word_1_144' title='bbox 1435 1348 1479 1380; x_wconf 80' lang='lat'>20</span> 
     </span>
     <span class='ocr_line' id='line_1_22' title="bbox 114 1394 1408 1452; baseline 0.002 -16"><span class='ocrx_word' id='word_1_145' title='bbox 114 1394 348 1450; x_wconf 87' lang='lat' dir='ltr'>fortunam,</span> <span class='ocrx_word' id='word_1_146' title='bbox 380 1397 428 1437; x_wconf 92' lang='lat' dir='ltr'>ut</span> <span class='ocrx_word' id='word_1_147' title='bbox 460 1396 633 1438; x_wconf 83' lang='lat' dir='ltr'>auxiliis</span> <span class='ocrx_word' id='word_1_148' title='bbox 665 1410 774 1452; x_wconf 91' lang='lat' dir='ltr'>opus</span> <span class='ocrx_word' id='word_1_149' title='bbox 802 1397 878 1439; x_wconf 87' lang='lat' dir='ltr'>sit:</span> <span class='ocrx_word' id='word_1_150' title='bbox 908 1396 990 1439; x_wconf 91' lang='lat' dir='ltr'>hos</span> <span class='ocrx_word' id='word_1_151' title='bbox 1016 1396 1062 1438; x_wconf 85' lang='lat' dir='ltr'>in</span> <span class='ocrx_word' id='word_1_152' title='bbox 1088 1396 1292 1439; x_wconf 77' lang='lat' dir='ltr'>auxiliis?</span> <span class='ocrx_word' id='word_1_153' title='bbox 1327 1397 1408 1439; x_wconf 91' lang='lat' dir='ltr'>sci-</span> 
     </span>
     <span class='ocr_line' id='line_1_23' title="bbox 116 1453 1409 1512; baseline 0.002 -16"><span class='ocrx_word' id='word_1_154' title='bbox 116 1453 212 1496; x_wconf 89' lang='lat' dir='ltr'>licit</span> <span class='ocrx_word' id='word_1_155' title='bbox 243 1453 335 1509; x_wconf 90' lang='lat' dir='ltr'>qui,</span> <span class='ocrx_word' id='word_1_156' title='bbox 376 1468 473 1496; x_wconf 93' lang='lat' dir='ltr'>cum</span> <span class='ocrx_word' id='word_1_157' title='bbox 506 1469 558 1497; x_wconf 87' lang='lat' dir='ltr'>ex</span> <span class='ocrx_word' id='word_1_158' title='bbox 590 1455 728 1498; x_wconf 86' lang='lat' dir='ltr'>altera</span> <span class='ocrx_word' id='word_1_159' title='bbox 758 1458 884 1511; x_wconf 89' lang='lat' dir='ltr'>parte</span> <span class='ocrx_word' id='word_1_160' title='bbox 915 1456 1188 1499; x_wconf 87' lang='lat' dir='ltr'>intuerentur</span> <span class='ocrx_word' id='word_1_161' title='bbox 1219 1456 1409 1512; x_wconf 87' lang='lat' dir='ltr'>patriam</span> 
     </span>
     <span class='ocr_line' id='line_1_24' title="bbox 115 1508 1408 1571; baseline 0.002 -16"><span class='ocrx_word' id='word_1_162' title='bbox 115 1508 160 1555; x_wconf 88' lang='lat' dir='ltr'>et</span> <span class='ocrx_word' id='word_1_163' title='bbox 191 1513 447 1556; x_wconf 87' lang='lat' dir='ltr'>memoriam</span> <span class='ocrx_word' id='word_1_164' title='bbox 479 1514 692 1569; x_wconf 86' lang='lat' dir='ltr'>pueritiae</span> <span class='ocrx_word' id='word_1_165' title='bbox 722 1517 766 1558; x_wconf 88' lang='lat' dir='ltr'>et</span> <span class='ocrx_word' id='word_1_166' title='bbox 791 1515 1130 1558; x_wconf 87' lang='lat' dir='ltr'>necessitudines</span> <span class='ocrx_word' id='word_1_167' title='bbox 1157 1530 1322 1571; x_wconf 91' lang='lat' dir='ltr'>omnes,</span> <span class='ocrx_word' id='word_1_168' title='bbox 1354 1515 1408 1558; x_wconf 89' lang='lat' dir='ltr'>ad</span> 
     </span>
     <span class='ocr_line' id='line_1_25' title="bbox 114 1571 1406 1632; baseline 0.003 -18"><span class='ocrx_word' id='word_1_169' title='bbox 114 1571 336 1615; x_wconf 84' lang='lat' dir='ltr'>fortunam</span> <span class='ocrx_word' id='word_1_170' title='bbox 372 1576 522 1616; x_wconf 90' lang='lat' dir='ltr'>tamen</span> <span class='ocrx_word' id='word_1_171' title='bbox 558 1574 896 1617; x_wconf 85' lang='lat' dir='ltr'>inclinaverunt:</span> <span class='ocrx_word' id='word_1_172' title='bbox 939 1574 1118 1628; x_wconf 76' lang='lat' dir='ltr'>fortiore</span> <span class='ocrx_word' id='word_1_173' title='bbox 1158 1590 1238 1632; x_wconf 91' lang='lat' dir='ltr'>pro</span> <span class='ocrx_word' id='word_1_174' title='bbox 1279 1576 1406 1618; x_wconf 89' lang='lat' dir='ltr'>nobis</span> 
     </span>
     <span class='ocr_line' id='line_1_26' title="bbox 117 1633 1479 1688; baseline 0.003 -14"><span class='ocrx_word' id='word_1_175' title='bbox 117 1635 402 1688; x_wconf 84' lang='lat' dir='ltr'>sacramento,</span> <span class='ocrx_word' id='word_1_176' title='bbox 425 1633 630 1687; x_wconf 74' lang='lat' dir='ltr'>proniore</span> <span class='ocrx_word' id='word_1_177' title='bbox 662 1634 808 1676; x_wconf 85' lang='lat' dir='ltr'>animo</span> <span class='ocrx_word' id='word_1_178' title='bbox 843 1633 1053 1676; x_wconf 78' lang='lat' dir='ltr'>stabunt?</span> <span class='ocrx_word' id='word_1_179' title='bbox 1098 1635 1203 1677; x_wconf 90' lang='lat' dir='ltr'>adeo</span> <span class='ocrx_word' id='word_1_180' title='bbox 1235 1635 1407 1678; x_wconf 87' lang='lat' dir='ltr'>facilius</span> <span class='ocrx_word' id='word_1_181' title='bbox 1435 1645 1479 1678; x_wconf 81' lang='lat'>25</span> 
     </span>
     <span class='ocr_line' id='line_1_27' title="bbox 115 1691 1407 1750; baseline 0.002 -16"><span class='ocrx_word' id='word_1_182' title='bbox 115 1692 200 1747; x_wconf 86' lang='lat' dir='ltr'>est,</span> <span class='ocrx_word' id='word_1_183' title='bbox 236 1691 283 1733; x_wconf 90' lang='lat' dir='ltr'>in</span> <span class='ocrx_word' id='word_1_184' title='bbox 322 1692 420 1734; x_wconf 88' lang='lat' dir='ltr'>istis</span> <span class='ocrx_word' id='word_1_185' title='bbox 459 1693 600 1735; x_wconf 91' lang='lat' dir='ltr'>scelus</span> <span class='ocrx_word' id='word_1_186' title='bbox 631 1692 967 1749; x_wconf 89' lang='lat' dir='ltr'>deprehendere,</span> <span class='ocrx_word' id='word_1_187' title='bbox 1012 1709 1142 1750; x_wconf 85' lang='lat' dir='ltr'>quam</span> <span class='ocrx_word' id='word_1_188' title='bbox 1185 1695 1407 1750; x_wconf 88' lang='lat' dir='ltr'>paeniten-</span> 
     </span>
     <span class='ocr_line' id='line_1_28' title="bbox 113 1750 1408 1809; baseline 0.002 -16"><span class='ocrx_word' id='word_1_189' title='bbox 113 1750 235 1794; x_wconf 87' lang='lat' dir='ltr'>tiam.</span> <span class='ocrx_word' id='word_1_190' title='bbox 296 1751 453 1794; x_wconf 89' lang='lat' dir='ltr'>inutile</span> <span class='ocrx_word' id='word_1_191' title='bbox 492 1766 596 1809; x_wconf 86' lang='lat' dir='ltr'>ergo</span> <span class='ocrx_word' id='word_1_192' title='bbox 638 1753 829 1795; x_wconf 90' lang='lat' dir='ltr'>militum</span> <span class='ocrx_word' id='word_1_193' title='bbox 860 1767 997 1808; x_wconf 85' lang='lat' dir='ltr'>genus</span> <span class='ocrx_word' id='word_1_194' title='bbox 1005 1787 1016 1808; x_wconf 95' lang='lat'>,</span> <span class='ocrx_word' id='word_1_195' title='bbox 1061 1754 1189 1796; x_wconf 89' lang='lat' dir='ltr'>nobis</span> <span class='ocrx_word' id='word_1_196' title='bbox 1229 1754 1408 1797; x_wconf 88' lang='lat' dir='ltr'>minime</span> 
     </span>
     <span class='ocr_line' id='line_1_29' title="bbox 112 1811 1407 1869; baseline 0.002 -17"><span class='ocrx_word' id='word_1_197' title='bbox 112 1811 415 1855; x_wconf 85' lang='lat' dir='ltr'>necessarium.</span> <span class='ocrx_word' id='word_1_198' title='bbox 503 1812 661 1868; x_wconf 91' lang='lat' dir='ltr'>quippe</span> <span class='ocrx_word' id='word_1_199' title='bbox 712 1813 845 1855; x_wconf 90' lang='lat' dir='ltr'>etiam</span> <span class='ocrx_word' id='word_1_200' title='bbox 888 1812 954 1867; x_wconf 85' lang='lat' dir='ltr'>hi,</span> <span class='ocrx_word' id='word_1_201' title='bbox 1006 1814 1080 1868; x_wconf 92' lang='lat' dir='ltr'>qui</span> <span class='ocrx_word' id='word_1_202' title='bbox 1136 1814 1407 1869; x_wconf 84' lang='lat' dir='ltr'>recipiendos</span> 
     </span>
    </p>
   </div>
   <div class='ocr_carea' id='block_1_3' title="bbox 209 1905 1404 1952">
    <p class='ocr_par' dir='ltr' id='par_1_5' title="bbox 209 1905 1404 1952">
     <span class='ocr_line' id='line_1_30' title="bbox 209 1905 1404 1952; baseline 0.002 -13"><span class='ocrx_word' id='word_1_203' title='bbox 209 1907 233 1939; x_wconf 80' lang='lat'>2</span> <span class='ocrx_word' id='word_1_204' title='bbox 260 1915 374 1949; x_wconf 86' lang='lat' dir='ltr'>quam</span> <span class='ocrx_word' id='word_1_205' title='bbox 399 1906 442 1940; x_wconf 89' lang='lat' dir='ltr'>ut</span> <span class='ocrx_word' id='word_1_206' title='bbox 468 1907 551 1949; x_wconf 81' lang='lat' dir='ltr'>AB,</span> <span class='ocrx_word' id='word_1_207' title='bbox 578 1915 672 1941; x_wconf 82' lang='lat' dir='ltr'>corr.</span> <span class='ocrx_word' id='word_1_208' title='bbox 698 1905 770 1942; x_wconf 71' lang='grc' dir='ltr'>Βοὴ</span> <span class='ocrx_word' id='word_1_209' title='bbox 801 1906 813 1951; x_wconf 76' lang='grc' dir='ltr'>ΙΙ</span> <span class='ocrx_word' id='word_1_210' title='bbox 845 1910 865 1942; x_wconf 87' lang='grc'><strong>3</strong></span> <span class='ocrx_word' id='word_1_211' title='bbox 891 1905 1034 1942; x_wconf 76' lang='lat' dir='ltr'>*immo</span> <span class='ocrx_word' id='word_1_212' title='bbox 1061 1910 1130 1941; x_wconf 86' lang='grc' dir='ltr'>ΔΒ</span> <span class='ocrx_word' id='word_1_213' title='bbox 1163 1909 1174 1952; x_wconf 76' lang='grc' dir='ltr'>Η</span> <span class='ocrx_word' id='word_1_214' title='bbox 1207 1909 1294 1944; x_wconf 73' lang='lat' dir='ltr'>*est</span> <span class='ocrx_word' id='word_1_215' title='bbox 1319 1911 1404 1950; x_wconf 80' lang='lat' dir='ltr'>AB3</span> 
     </span>
    </p>
   </div>
   <div class='ocr_carea' id='block_1_4' title="bbox 114 1962 1409 2346">
    <p class='ocr_par' dir='ltr' id='par_1_6' title="bbox 114 1962 1409 2346">
     <span class='ocr_line' id='line_1_31' title="bbox 117 1962 1408 2012; baseline 0.003 -14"><span class='ocrx_word' id='word_1_216' title='bbox 117 1963 262 1999; x_wconf 75' lang='lat' dir='ltr'>correxi</span> <span class='ocrx_word' id='word_1_217' title='bbox 285 1963 347 2007; x_wconf 85' lang='lat' dir='ltr'>ht;</span> <span class='ocrx_word' id='word_1_218' title='bbox 373 1963 448 1999; x_wconf 81' lang='lat' dir='ltr'>fert</span> <span class='ocrx_word' id='word_1_219' title='bbox 471 1963 531 2001; x_wconf 84' lang='lat' dir='ltr'>Ro</span> <span class='ocrx_word' id='word_1_220' title='bbox 561 1966 572 2009; x_wconf 77' lang='grc' dir='ltr'>ΙΙ</span> <span class='ocrx_word' id='word_1_221' title='bbox 604 1968 626 2000; x_wconf 90' lang='grc'>8</span> <span class='ocrx_word' id='word_1_222' title='bbox 651 1962 861 2012; x_wconf 86' lang='lat' dir='ltr'>&lt;in&gt;quam</span> <span class='ocrx_word' id='word_1_223' title='bbox 886 1965 944 2001; x_wconf 86' lang='lat' dir='ltr'>Ro</span> <span class='ocrx_word' id='word_1_224' title='bbox 963 1967 975 2012; x_wconf 81' lang='grc' dir='ltr'>ΙΙ</span> <span class='ocrx_word' id='word_1_225' title='bbox 996 1970 1016 2002; x_wconf 85' lang='grc'>9</span> <span class='ocrx_word' id='word_1_226' title='bbox 1042 1968 1118 2012; x_wconf 79' lang='lat' dir='ltr'>pot.</span> <span class='ocrx_word' id='word_1_227' title='bbox 1148 1968 1186 2002; x_wconf 87' lang='lat' dir='ltr'>et</span> <span class='ocrx_word' id='word_1_228' title='bbox 1211 1967 1282 2002; x_wconf 86' lang='lat' dir='ltr'>hoc</span> <span class='ocrx_word' id='word_1_229' title='bbox 1309 1968 1347 2002; x_wconf 91' lang='lat' dir='ltr'>et</span> <span class='ocrx_word' id='word_1_230' title='bbox 1372 1979 1408 2003; x_wconf 89' lang='lat' dir='ltr'>n.</span> 
     </span>
     <span class='ocr_line' id='line_1_32' title="bbox 114 2010 1409 2062; baseline 0.005 -18"><span class='ocrx_word' id='word_1_231' title='bbox 114 2011 143 2044; x_wconf 78' lang='lat' dir='ltr'>B</span> <span class='ocrx_word' id='word_1_232' title='bbox 161 2011 174 2056; x_wconf 78' lang='lat' dir='ltr'>ss</span> <span class='ocrx_word' id='word_1_233' title='bbox 194 2014 239 2046; x_wconf 91' lang='lat'>10</span> <span class='ocrx_word' id='word_1_234' title='bbox 264 2021 341 2047; x_wconf 87' lang='lat' dir='ltr'>occ.</span> <span class='ocrx_word' id='word_1_235' title='bbox 367 2010 558 2056; x_wconf 82' lang='lat' dir='ltr'>*quadam</span> <span class='ocrx_word' id='word_1_236' title='bbox 575 2015 654 2057; x_wconf 82' lang='grc' dir='ltr'>ΔΒ,</span> <span class='ocrx_word' id='word_1_237' title='bbox 681 2012 860 2057; x_wconf 86' lang='lat' dir='ltr'>quiddam</span> <span class='ocrx_word' id='word_1_238' title='bbox 881 2012 952 2057; x_wconf 76' lang='lat' dir='ltr'>Fr,</span> <span class='ocrx_word' id='word_1_239' title='bbox 979 2015 1142 2059; x_wconf 86' lang='lat' dir='ltr'>quadam</span> <span class='ocrx_word' id='word_1_240' title='bbox 1156 2013 1320 2062; x_wconf 82' lang='lat' dir='ltr'>(tenus)</span> <span class='ocrx_word' id='word_1_241' title='bbox 1330 2014 1409 2057; x_wconf 85' lang='lat' dir='ltr'>Ro,-</span> 
     </span>
     <span class='ocr_line' id='line_1_33' title="bbox 114 2057 1409 2107; baseline 0.004 -14"><span class='ocrx_word' id='word_1_242' title='bbox 114 2057 270 2101; x_wconf 75' lang='lat' dir='ltr'>fortasse</span> <span class='ocrx_word' id='word_1_243' title='bbox 294 2058 334 2094; x_wconf 90' lang='lat' dir='ltr'>in</span> <span class='ocrx_word' id='word_1_244' title='bbox 357 2070 413 2104; x_wconf 90' lang='lat' dir='ltr'>pr.</span> <span class='ocrx_word' id='word_1_245' title='bbox 441 2059 594 2104; x_wconf 88' lang='lat' dir='ltr'>quidem</span> <span class='ocrx_word' id='word_1_246' title='bbox 619 2071 695 2096; x_wconf 86' lang='lat' dir='ltr'>occ.</span> <span class='ocrx_word' id='word_1_247' title='bbox 715 2060 726 2104; x_wconf 83' lang='grc' dir='ltr'>ΙΙ</span> <span class='ocrx_word' id='word_1_248' title='bbox 749 2064 790 2096; x_wconf 91' lang='grc'>13</span> <span class='ocrx_word' id='word_1_249' title='bbox 817 2060 911 2097; x_wconf 81' lang='lat' dir='ltr'>haec</span> <span class='ocrx_word' id='word_1_250' title='bbox 937 2065 991 2096; x_wconf 78' lang='lat' dir='ltr'>Aa.</span> <span class='ocrx_word' id='word_1_251' title='bbox 1021 2063 1033 2107; x_wconf 77' lang='grc' dir='ltr'>ΙΙ</span> <span class='ocrx_word' id='word_1_252' title='bbox 1066 2066 1110 2098; x_wconf 86' lang='grc'>16</span> <span class='ocrx_word' id='word_1_253' title='bbox 1136 2063 1250 2098; x_wconf 85' lang='lat' dir='ltr'>etiam</span> <span class='ocrx_word' id='word_1_254' title='bbox 1276 2074 1351 2107; x_wconf 88' lang='lat' dir='ltr'>qua</span> <span class='ocrx_word' id='word_1_255' title='bbox 1378 2063 1409 2098; x_wconf 90' lang='lat' dir='ltr'>si</span> 
     </span>
     <span class='ocr_line' id='line_1_34' title="bbox 116 2105 1407 2156; baseline 0.005 -17"><span class='ocrx_word' id='word_1_256' title='bbox 116 2106 156 2150; x_wconf 76' lang='lat' dir='ltr'>B,</span> <span class='ocrx_word' id='word_1_257' title='bbox 183 2105 215 2140; x_wconf 83' lang='lat' dir='ltr'>si</span> <span class='ocrx_word' id='word_1_258' title='bbox 240 2105 304 2151; x_wconf 87' lang='lat' dir='ltr'>qui</span> <span class='ocrx_word' id='word_1_259' title='bbox 328 2106 405 2142; x_wconf 81' lang='lat' dir='ltr'>Aer</span> <span class='ocrx_word' id='word_1_260' title='bbox 423 2107 434 2152; x_wconf 87' lang='grc'>11</span> <span class='ocrx_word' id='word_1_261' title='bbox 456 2111 499 2143; x_wconf 88' lang='grc'>16</span> <span class='ocrx_word' id='word_1_262' title='bbox 526 2108 769 2153; x_wconf 85' lang='lat' dir='ltr'>*receperunt</span> <span class='ocrx_word' id='word_1_263' title='bbox 794 2111 858 2142; x_wconf 82' lang='lat' dir='ltr'>AB</span> <span class='ocrx_word' id='word_1_264' title='bbox 877 2109 890 2153; x_wconf 83' lang='lat' dir='ltr'>[l</span> <span class='ocrx_word' id='word_1_265' title='bbox 912 2113 953 2145; x_wconf 82' lang='grc'>17</span> <span class='ocrx_word' id='word_1_266' title='bbox 981 2120 1079 2155; x_wconf 86' lang='lat' dir='ltr'>mag.</span> <span class='ocrx_word' id='word_1_267' title='bbox 1101 2110 1283 2146; x_wconf 88' lang='lat' dir='ltr'>scelerum</span> <span class='ocrx_word' id='word_1_268' title='bbox 1308 2113 1407 2156; x_wconf 88' lang='lat' dir='ltr'>turp.</span> 
     </span>
     <span class='ocr_line' id='line_1_35' title="bbox 117 2153 1408 2203; baseline 0.005 -16"><span class='ocrx_word' id='word_1_269' title='bbox 117 2153 169 2186; x_wconf 65' lang='lat' dir='ltr'>Ba</span> <span class='ocrx_word' id='word_1_270' title='bbox 192 2153 205 2198; x_wconf 83' lang='grc' dir='ltr'>ΙΙ</span> <span class='ocrx_word' id='word_1_271' title='bbox 226 2157 269 2189; x_wconf 88' lang='grc'>18</span> <span class='ocrx_word' id='word_1_272' title='bbox 302 2153 522 2200; x_wconf 88' lang='lat' dir='ltr'>colligeritis</span> <span class='ocrx_word' id='word_1_273' title='bbox 547 2159 594 2199; x_wconf 83' lang='grc' dir='ltr'>Δ,</span> <span class='ocrx_word' id='word_1_274' title='bbox 622 2154 857 2201; x_wconf 85' lang='lat' dir='ltr'>collegeretis</span> <span class='ocrx_word' id='word_1_275' title='bbox 875 2159 914 2200; x_wconf 89' lang='lat' dir='ltr'>B,</span> <span class='ocrx_word' id='word_1_276' title='bbox 941 2167 1035 2193; x_wconf 82' lang='lat' dir='ltr'>corr.</span> <span class='ocrx_word' id='word_1_277' title='bbox 1059 2157 1123 2192; x_wconf 83' lang='lat' dir='ltr'>Bu</span> <span class='ocrx_word' id='word_1_278' title='bbox 1149 2157 1199 2203; x_wconf 65' lang='grc' dir='ltr'>(ἓ)</span> <span class='ocrx_word' id='word_1_279' title='bbox 1219 2159 1232 2203; x_wconf 64' lang='grc' dir='ltr'>ΙΙ</span> <span class='ocrx_word' id='word_1_280' title='bbox 1252 2162 1297 2193; x_wconf 81' lang='lat'>24</span> <span class='ocrx_word' id='word_1_281' title='bbox 1323 2169 1408 2203; x_wconf 90' lang='lat' dir='ltr'>pro-</span> 
     </span>
     <span class='ocr_line' id='line_1_36' title="bbox 117 2199 1408 2254; baseline 0.005 -19"><span class='ocrx_word' id='word_1_282' title='bbox 117 2199 324 2254; x_wconf 41' lang='lat' dir='ltr'>more-AB,</span> <span class='ocrx_word' id='word_1_283' title='bbox 349 2212 441 2238; x_wconf 83' lang='lat' dir='ltr'>corr.</span> <span class='ocrx_word' id='word_1_284' title='bbox 468 2202 539 2238; x_wconf 83' lang='lat' dir='ltr'>Sch</span> <span class='ocrx_word' id='word_1_285' title='bbox 557 2204 569 2248; x_wconf 80' lang='grc' dir='ltr'>Η</span> <span class='ocrx_word' id='word_1_286' title='bbox 589 2206 635 2238; x_wconf 82' lang='grc'>25</span> <span class='ocrx_word' id='word_1_287' title='bbox 654 2206 740 2248; x_wconf 78' lang='lat' dir='ltr'>post</span> <span class='ocrx_word' id='word_1_288' title='bbox 760 2203 959 2247; x_wconf 66' lang='lat' dir='ltr'>„stabuntu</span> <span class='ocrx_word' id='word_1_289' title='bbox 986 2205 1200 2251; x_wconf 86' lang='lat' dir='ltr'>transfugas</span> <span class='ocrx_word' id='word_1_290' title='bbox 1227 2215 1302 2240; x_wconf 91' lang='lat' dir='ltr'>non</span> <span class='ocrx_word' id='word_1_291' title='bbox 1328 2217 1408 2242; x_wconf 90' lang='lat' dir='ltr'>esse</span> 
     </span>
     <span class='ocr_line' id='line_1_37' title="bbox 118 2248 1408 2300; baseline 0.005 -18"><span class='ocrx_word' id='word_1_292' title='bbox 118 2248 349 2293; x_wconf 75' lang='lat' dir='ltr'>rempxendos</span> <span class='ocrx_word' id='word_1_293' title='bbox 373 2250 502 2286; x_wconf 81' lang='lat' dir='ltr'>scribit</span> <span class='ocrx_word' id='word_1_294' title='bbox 526 2253 567 2295; x_wconf 83' lang='grc' dir='ltr'>Δ,</span> <span class='ocrx_word' id='word_1_295' title='bbox 594 2251 690 2296; x_wconf 77' lang='lat' dir='ltr'>quod</span> <span class='ocrx_word' id='word_1_296' title='bbox 715 2250 790 2285; x_wconf 78' lang='lat' dir='ltr'>iam</span> <span class='ocrx_word' id='word_1_297' title='bbox 816 2250 988 2288; x_wconf 63' lang='lat' dir='ltr'>Pithoeus</span> <span class='ocrx_word' id='word_1_298' title='bbox 1013 2254 1181 2300; x_wconf 63' lang='lat' dir='ltr'>‹toy-novit</span> <span class='ocrx_word' id='word_1_299' title='bbox 1205 2254 1246 2288; x_wconf 79' lang='lat' dir='ltr'>in</span> <span class='ocrx_word' id='word_1_300' title='bbox 1272 2255 1408 2300; x_wconf 73' lang='lat' dir='ltr'>maryi-</span> 
     </span>
     <span class='ocr_line' id='line_1_38' title="bbox 118 2297 1340 2346; baseline 0.004 -17"><span class='ocrx_word' id='word_1_301' title='bbox 118 2303 201 2330; x_wconf 76' lang='lat' dir='ltr'>nem</span> <span class='ocrx_word' id='word_1_302' title='bbox 224 2305 295 2331; x_wconf 84' lang='lat' dir='ltr'>esse</span> <span class='ocrx_word' id='word_1_303' title='bbox 319 2298 583 2341; x_wconf 81' lang='lat' dir='ltr'>remove-ndum,</span> <span class='ocrx_word' id='word_1_304' title='bbox 608 2298 678 2334; x_wconf 77' lang='lat' dir='ltr'>alii</span> <span class='ocrx_word' id='word_1_305' title='bbox 702 2297 797 2340; x_wconf 78' lang='lat' dir='ltr'>falso</span> <span class='ocrx_word' id='word_1_306' title='bbox 822 2300 1064 2343; x_wconf 73' lang='lat' dir='ltr'>retinuerunt,</span> <span class='ocrx_word' id='word_1_307' title='bbox 1090 2301 1157 2344; x_wconf 83' lang='lat' dir='ltr'>cfr.</span> <span class='ocrx_word' id='word_1_308' title='bbox 1179 2301 1340 2346; x_wconf 72' lang='lat' dir='ltr'>proleyy.</span> 
     </span>
    </p>
   </div>
  </div>
 </body>
</html>
