1604 2488
201 765 242 796 10

200 1055 242 1085 15

199 1344 243 1375 20

198 1634 243 1665 25

199 1925 243 1956 30

271 126 356 168 262
748 126 1047 170 QUINTILIANI

270 236 314 275 et
342 234 416 275 illo
447 235 639 287 tempore
669 233 910 276 constiterit
939 233 1182 275 innocentia
1211 232 1254 275 et
1276 233 1321 275 id
1343 235 1526 288 tempus,

269 291 381 346 quod
411 291 456 332 in
487 292 656 346 culpam
686 291 922 345 deducitur,
960 305 1047 333 non
1077 291 1216 333 solum
1245 292 1337 334 sine
1368 291 1524 334 discor-

270 349 339 390 dia
369 349 517 403 fuerit,
547 363 694 391 verum
725 350 853 391 etiam
884 349 1020 391 maior
1050 352 1176 404 atque
1206 350 1338 392 artior
1368 349 1523 392 caritas

267 409 368 461 post
398 407 535 461 illam,
569 407 621 449 de
658 421 740 461 qua
775 409 942 450 locutus
979 421 1090 460 sum,
1126 407 1432 461 paenitentiam
1462 408 1525 448 in-

269 465 455 507 creverit.

355 522 603 565 Proximum
642 526 707 565 est
738 521 806 578 (ut
834 521 1005 578 opinor)
1037 526 1229 565 excutere
1260 537 1419 565 causas.
1479 526 1522 564 et

270 581 383 635 quod
420 580 474 622 ad
509 595 576 622 me
613 581 782 635 quidem
818 581 1019 635 pertinet,
1056 581 1216 623 videor*
1238 580 1295 623 de-
1318 581 1388 623 his
1419 581 1524 623 satis

268 639 448 681 locutus.
515 653 615 680 nam
657 639 695 680 si
737 639 987 681 inimicitiae
1031 653 1080 681 eo
1116 642 1307 693 tempore
1340 653 1428 681 non
1461 639 1525 680 fu-

269 699 408 750 erunt,
460 711 544 751 quo
589 697 723 739 frater
766 711 885 739 meus
933 698 1097 751 accepit
1134 711 1366 748 venenum,
1419 697 1527 739 mihi

269 757 380 796 certe
423 755 506 796 hoc
546 755 730 797 faciendi
768 756 879 797 ratio
915 770 1003 797 non
1037 755 1139 797 fuit:
1184 755 1274 810 qui,
1315 755 1353 796 si
1389 769 1526 796 essem
1576 776 1582 783 ι

267 813 406 854 malus
442 813 592 867 frater,
630 814 694 854 uti
729 816 875 855 tamen
909 813 1117 855 bonitatis
1156 813 1426 856 simulatione
1457 812 1524 854 de-

267 871 422 912 bebam
452 885 586 925 usque
617 871 974 914 ad-mutationem
997 871 1258 914 testamenti.
1301 885 1402 912 nam
1425 870 1526 926 quid

268 929 484 982 obstabat,
533 943 615 983 quo
660 929 798 971 minus
840 943 928 971 non
968 930 1175 971 ultionem
1218 931 1404 982 tantum,
1453 928 1528 970 sed

267 986 396 1028 etiam
427 987 590 1028 lucrum
621 987 927 1042 consequerer?
989 985 1034 1028 Si
1066 999 1144 1041 ego
1183 1001 1269 1029 non
1297 986 1430 1028 habui
1459 1001 1526 1028 ra-

267 1044 429 1086 tionem
455 1044 583 1086 dandi
613 1045 763 1087 veneni
793 1045 928 1099 fratri,
957 1045 1107 1087 videbo
1139 1059 1192 1086 an
1222 1045 1291 1086 hic
1315 1044 1523 1086 habuerit.

267 1102 389 1144 heres
422 1105 504 1144 est:
534 1102 616 1144 hoc
646 1117 723 1156 per
748 1117 792 1144 se
816 1105 969 1157 potens
995 1105 1070 1144 est.
1117 1102 1270 1157 omnia,
1301 1115 1524 1157 quaecum-

268 1174 348 1215 que
387 1162 481 1202 toto
514 1160 615 1202 orbe
646 1164 856 1202 terrarum
886 1161 1226 1214 committuntur,
1263 1156 1422 1202 scelera
1452 1159 1528 1201 cir-

268 1218 528 1272 cumspicite,
572 1218 750 1260 iudices:
779 1219 983 1273 pleraque
1014 1233 1064 1260 ex
1095 1217 1326 1272 cupiditate
1349 1231 1528 1259 nascun-

267 1279 354 1318 tur:
391 1276 496 1318 haee
532 1276 718 1319 latrones
758 1276 880 1328 facit,
921 1276 1026 1318 haec
1056 1276 1237 1330 piratas,
1278 1275 1383 1317 haec
1413 1275 1528 1317 intra

268 1349 414 1377 muros
447 1335 580 1376 etiam
612 1337 738 1388 atque
768 1335 882 1376 intra
913 1334 1061 1376 domos
1091 1336 1260 1376 nostras
1292 1336 1336 1376 et
1364 1333 1526 1387 templa

269 1393 377 1435 sicas
415 1406 713 1446 percussorum
751 1393 881 1447 acuit,
923 1392 1021 1434 inde
1062 1394 1168 1434 nata
1208 1394 1307 1433 sunt
1345 1405 1506 1434 venena

267 1453 316 1492 ut
352 1450 459 1493 mihi
495 1450 688 1492 videatur
724 1465 866 1492 rerum
900 1453 1054 1492 natura
1093 1450 1288 1492 omnibus
1319 1449 1366 1491 in
1394 1448 1528 1491 homi-

266 1523 364 1550 nem
395 1509 563 1551 collatis
595 1509 719 1551 bonis
749 1523 881 1550 unum
911 1509 1071 1550 malum
1092 1507 1366 1562 opposuisse.
1419 1507 1524 1548 tolle

267 1567 511 1620 pecuniam:
561 1567 673 1608 bella
723 1566 964 1620 sustuleris,
1008 1566 1231 1608 sustuleris
1286 1564 1529 1607 seditiones.

267 1624 378 1666 hanc
414 1637 517 1679 ergo
555 1639 726 1667 causam
758 1624 959 1666 habuisti.
1011 1626 1054 1666 et
1090 1624 1206 1665 aliud
1237 1625 1302 1665 est
1331 1623 1427 1665 aliis
1458 1636 1528 1677 pe-

269 1682 406 1725 cunia.
447 1683 483 1724 si
514 1681 565 1723 de
596 1682 825 1736 eupiditate
857 1682 950 1723 sola
980 1681 1237 1736 loquendum
1267 1681 1374 1722 mihi
1406 1680 1528 1733 foret,

268 1740 467 1782 dicerem:
515 1740 797 1782 hereditatem
846 1739 1099 1793 concupisti,
1148 1738 1276 1780 homo
1319 1737 1529 1791 locuples:

267 1812 378 1841 nunc
420 1798 702 1840 hereditatem
745 1797 996 1851 concupisti,
1037 1797 1080 1838 id
1124 1796 1262 1838 solum
1303 1795 1527 1838 habiturus

270 1856 383 1911 quod
414 1856 570 1898 scelere
602 1855 870 1910 adquisisses.
911 1855 1012 1910 quid
1038 1854 1178 1896 enim?
1211 1854 1296 1895 iam
1320 1855 1365 1896 te
1389 1853 1528 1894 metiri

270 1915 421 1969 incipis
465 1917 507 1956 et
542 1915 715 1969 longam
751 1913 899 1955 domus
937 1915 1109 1955 nostrae
1149 1912 1399 1966 patientiam
1443 1911 1526 1953 cal-

363 2043 385 2074 2
409 2039 448 2074 in
473 2050 537 2075 om.
564 2042 618 2074 Aa
634 2041 646 2085 ΙΙ
665 2044 685 2075 3
711 2040 854 2086 verum]
880 2039 1014 2074 iterum
1033 2043 1059 2073 P
1076 2041 1088 2084 ΙΙ
1107 2038 1242 2074 arctior
1264 2041 1290 2071 Β
1309 2038 1322 2082 ΙΙ
1341 2041 1362 2071 4
1387 2046 1457 2080 quo
1481 2037 1526 2080 Β1

271 2092 292 2122 6
317 2086 475 2132 primum
500 2089 551 2120 Aa
581 2087 593 2132 ΙΙ
626 2090 668 2121 13
693 2087 781 2132 non]
808 2087 846 2120 in
869 2089 899 2119 Β
927 2087 939 2131 fl
969 2085 1169 2121 ulctionem
1193 2087 1292 2118 B-——l’
1310 2085 1323 2128 ΙΙ
1349 2086 1393 2117 14
1417 2081 1528 2117 etiam

270 2143 335 2168 om.
361 2135 386 2166 Β
414 2133 426 2178 ΙΙ
453 2137 494 2168 17
519 2133 564 2167 in
595 2132 898 2177 cupiditatem
927 2135 958 2166 Δ
987 2133 999 2177 Η
1030 2135 1072 2166 21
1099 2131 1138 2166 in
1161 2132 1199 2166 te
1223 2133 1278 2164 Aa.
1305 2131 1317 2173 ΙΙ
1347 2132 1391 2164 23
1416 2139 1530 2162 unum

270 2180 409 2215 metum
434 2181 474 2222 A,
500 2190 682 2214 summum
707 2181 846 2214 metum
869 2182 907 2222 B,
933 2189 1022 2214 corr.
1042 2178 1119 2219 Ro‚·
1143 2188 1255 2212 unum
1279 2173 1430 2222 <hunc>
1454 2185 1530 2209 me·

270 2227 350 2262 tum
381 2226 456 2260 Aer
484 2227 496 2270 ΙΙ
528 2229 572 2260 24
599 2223 639 2253 Ν
668 2229 698 2260 Δ
727 2226 739 2269 ΙΙ
769 2229 813 2260 25
845 2225 1019 2270 pecunias
1049 2227 1076 2258 Β
1105 2225 1118 2269 ΙΙ
1146 2227 1190 2258 29
1216 2221 1447 2267 concupisses
1471 2224 1498 2255 Β
1518 2221 1530 2267 Η

270 2273 398 2309 metim
424 2275 476 2306 Aa.
