1560 2462
202 131 234 165 X
684 129 965 164 PRAEFATIO.

203 241 281 267 non
304 229 353 266 ab
373 229 456 277 ipso
475 227 635 266 librario
655 227 872 276 adscripta:
899 222 1161 275 ,‚rohemium“
1181 227 1220 265 et
1238 222 1451 275 „pilogus“,

203 293 340 340 primis
372 292 650 330 vocabulorum
680 291 807 329 literis
839 290 1000 329 abscisis
1030 290 1080 327 ab
1112 302 1167 337 eo,
1199 289 1268 338 qui
1295 290 1342 327 ut
1364 300 1451 327 con-

202 356 384 404 iungeret
404 355 635 401 Quintiliani
660 357 701 392 et
720 354 920 403 Calpurnii
945 352 1246 394 declamationes
1265 365 1355 393 cum
1371 352 1452 391 illis

204 431 302 468 quae
338 419 452 458 hodie
490 418 627 456 eodem
657 417 854 456 volumine
885 418 1134 456 continentur
1163 417 1336 466 „aliquot
1364 417 1452 454 rhe-

201 485 333 521 torum
363 479 633 532 panegyricis“
665 475 763 533 (alia
794 482 947 528 charta,
984 481 1061 518 alio
1093 482 1330 529 atramento,
1366 491 1454 528 pro-

200 547 296 595 priis
344 547 578 596 paginarum
621 545 794 583 numeris
839 545 934 583 satis
977 538 1190 596 distinctis)
1232 543 1452 581 forficulam

202 609 371 658 margini
401 609 591 647 adhibuit.

291 672 454 721 Saepius
486 684 585 721 quae
615 672 656 709 in
687 672 815 710 codice
847 671 883 708 A
914 670 1066 708 adiecta
1095 670 1136 708 in
1161 669 1336 718 margine
1361 669 1454 707 sunt

142 765 148 773 .
200 737 348 784 recepit
377 736 409 774 B
447 736 487 773 in
524 736 749 773 contextum
786 735 1012 781 verborum,
1049 733 1174 772 veluti
1210 733 1278 781 59,
1305 733 1347 782 73
1387 732 1454 780 64,

203 800 273 848 133
307 801 401 846 261,
432 802 500 848 173
535 800 628 847 195,
658 800 727 847 16,
767 810 852 836 cum
885 809 1021 835 rursus
1052 797 1092 835 in
1127 797 1213 845 ipso
1246 795 1455 835 verborum

200 865 382 901 contextu
418 862 454 900 A
490 862 678 911 praebeat
713 861 917 910 nonnulla,
962 873 1060 909 quae
1103 860 1143 898 in
1185 860 1218 897 B
1260 871 1455 908 nusquam

201 928 392 974 apparent
423 929 463 963 et
492 926 700 963 manifesto
732 937 801 974 per
833 937 1006 962 errorem
1035 924 1294 972 inrepserunt.
1333 922 1454 972 Hinc,

201 989 353 1038 opinor,
398 989 583 1038 efficitur,
628 990 740 1026 notas
778 988 866 1025 illas
910 986 1148 1035 marginales
1191 985 1240 1023 ad
1282 985 1453 1034 aliquam

200 1054 303 1090 certe
330 1054 482 1100 partem
500 1052 576 1090 iam
598 1052 638 1090 in
663 1063 708 1090 eo
733 1051 833 1090 libro
860 1063 906 1088 ex
931 1064 1006 1099 quo
1029 1049 1151 1088 codex
1175 1049 1212 1086 A
1237 1048 1454 1098 descriptus

200 1118 279 1163 est,
309 1116 515 1154 nonnullas
553 1115 671 1153 etiam
702 1115 742 1152 in
778 1127 841 1162 eo,
878 1127 924 1152 ex
961 1126 1035 1162 quo
1066 1113 1099 1149 B
1130 1111 1348 1160 descriptus
1380 1113 1452 1159 est,

202 1175 378 1230 fuisse.*)

290 1242 446 1280 Contuli
467 1243 612 1280 librum
627 1241 846 1290 Tubingam
859 1241 955 1277 mihi
968 1240 1200 1289 permissum
1214 1250 1314 1277 anno
1332 1238 1454 1277 1881.

290 1305 318 1342 O
341 1322 393 1335 =
415 1304 691 1354 Chigianus,
717 1304 781 1342 fol.
802 1304 850 1342 H.
865 1303 974 1353 VIII,
996 1305 1079 1341 262
1100 1303 1363 1350 „chartaceus,
1383 1302 1458 1339 ele-

201 1371 342 1417 ganter
384 1367 588 1418 scriptus“,
629 1367 802 1405 eiusdem
843 1367 945 1415 fere,
985 1370 1030 1404 ut
1064 1366 1236 1413 videtur,
1275 1365 1384 1403 cuius
1421 1364 1454 1401 B

201 1427 426 1482 aetatis.*>1=)
469 1431 612 1480 Incipit
637 1431 686 1468 ab
712 1431 868 1479 eisdem,
899 1443 923 1469 a
947 1430 1088 1479 quibus
1107 1429 1151 1479 Β,
1181 1429 1330 1478 verbis3
1363 1428 1450 1467 sub-

294 1523 328 1564 *)
355 1523 455 1564 Quae
480 1522 575 1557 ratio
601 1533 683 1557 cum
706 1523 910 1558 intercedat
927 1522 1023 1557 inter
1042 1521 1204 1556 codicum
1226 1522 1256 1555 A
1276 1523 1313 1555 et
1329 1519 1360 1555 B
1379 1522 1452 1565 (vel

202 1569 326 1614 potius
350 1568 432 1612 BC,
459 1571 500 1603 ut
524 1569 690 1613 protinus
714 1569 867 1611 docebo)
892 1569 1126 1612 scripturam,
1149 1567 1205 1601 ius
1230 1568 1268 1602 et
1292 1567 1452 1602 officium

202 1615 470 1661 quodammodo
511 1614 602 1648 mihi
637 1614 722 1648 inde
759 1614 927 1650 subnasci
963 1613 1193 1656 iudicabam,
1237 1613 1278 1647 ut
1313 1613 1344 1647 si
1380 1612 1454 1657 quE

203 1662 321 1697 otiose
347 1663 383 1696 et
407 1661 531 1705 inepte
557 1660 656 1694 dicta
675 1661 712 1695 et
730 1660 934 1704 conquisita
953 1671 995 1694 ex
1014 1657 1228 1703 propinquis
1248 1659 1450 1694 sententiae

199 1707 425 1750 viderentur,
457 1717 501 1741 ea
531 1706 590 1741 vel
619 1705 758 1741 tradita
782 1707 829 1740 ab
861 1706 1027 1741 omnibus
1059 1704 1244 1740 codicibus
1278 1704 1458 1749 delerem,

200 1755 238 1789 id
269 1753 366 1797 quod
395 1764 506 1798 pagg.
530 1756 606 1796 171,
626 1756 733 1796 8—-9;
765 1756 844 1795 203,
867 1756 924 1793 11;
958 1755 1037 1793 235,
1059 1755 1096 1793 83
1122 1754 1200 1793 238,
1221 1754 1282 1794 243
1308 1754 1388 1794 334,
1410 1755 1451 1786 15

200 1802 360 1842 (secutus
392 1798 696 1843 Schultingium);
735 1802 813 1842 347,
841 1803 861 1832 2
894 1796 965 1833 feci
996 1798 1060 1832 ant
1090 1797 1187 1831 certe
1217 1807 1264 1831 an
1294 1797 1452 1832 facerem

202 1845 380 1881 dubitavi.
431 1844 564 1880 Omnia
587 1855 696 1889 porro
722 1855 781 1888 ea,
812 1854 905 1888 quae
931 1844 1015 1878 sunt
1039 1843 1219 1877 oratoriae
1245 1842 1453 1888 dispositio-

201 1892 268 1937 nis,
295 1903 376 1927 cum
401 1891 537 1936 partim
559 1891 600 1925 in
624 1902 696 1926 uno
721 1891 815 1926 libro
834 1890 956 1925 media
974 1890 1069 1924 inter
1087 1889 1200 1924 verba
1217 1889 1453 1925 declamatio-

201 1939 258 1974 nis
282 1939 463 1983 legantur,
488 1938 526 1972 in
551 1937 668 1972 altero
694 1937 1012 1980 deprehendantur
1036 1935 1208 1979 apposita
1229 1934 1268 1970 in
1287 1934 1453 1980 margine

202 1984 261 2020 vel
286 1983 548 2026 desiderentur,
573 1983 706 2027 partim
732 1983 770 2017 in
795 1983 872 2017 solo
899 1981 1034 2016 codicis
1053 1983 1084 2014 A
1110 1993 1188 2015 mar
1217 1981 1273 2016 'ne
1298 1983 1454 2024 exstent,

201 2032 392 2076 praeterea
423 2029 606 2074 plerisque
638 2028 965 2064 declamationibus
997 2027 1143 2062 omnino
1201 2026 1312 2070 esint,
1342 2027 1454 2062 reieci

199 2079 238 2112 in
263 2076 495 2122 apparatum.
533 2075 681 2110 Exclusi
706 2075 817 2110 etiam
841 2074 918 2117 illa,
944 2083 1038 2117 quae
1063 2075 1147 2107 ante
1167 2073 1452 2108 declamationes

201 2127 281 2166 285,
307 2126 388 2166 308,
413 2125 493 2165 351,
518 2125 584 2156 384
616 2122 788 2166 leguntur
813 2121 1036 2164 „coloratae‚
1067 2120 1247 2154 tractatae
1272 2119 1453 2154 declama-

201 2171 342 2204 tiones“
362 2170 443 2210 etc„
463 2169 606 2202 secutus
619 2168 782 2212 priorum
795 2166 975 2202 editorum
995 2165 1212 2210 exemplum,
1231 2175 1453 2209 quamquam

202 2215 371 2260 equidem
391 2214 453 2248 vix
473 2214 687 2248 crediderim
708 2214 755 2248 ab
775 2213 898 2257 aliquo
917 2212 1055 2247 lectore
1073 2211 1165 2246 haec
1184 2210 1346 2246 inducta.

274 2261 331 2305 **)
357 2262 399 2296 In
426 2260 595 2304 catalogo
620 2259 868 2295 bibliothecae
893 2259 960 2294 sub
984 2257 1095 2293 titulo
1115 2255 1333 2298 Quintiliani
1357 2267 1453 2294 saec,
