1578 2470
220 106 305 147 390
697 107 997 149 QU1NT1L1AN1

304 211 397 254 Hoc
441 213 580 255 colore
621 214 779 267 optime
817 214 1063 256 defendetur
1101 215 1268 270 mulier,
1311 216 1470 271 alioqui

217 270 310 324 lege
346 271 570 313 imbecilla.
631 286 730 312 nam
768 286 818 312 ex
856 272 1067 314 contraria
1105 275 1226 326 parte
1258 274 1470 316 infinitum

214 330 367 382 potens
399 331 464 370 est
494 329 611 383 illud,
644 330 845 371 maritum
876 344 967 371 esse
999 330 1258 373 damnatum.

692 454 975 499 GGOLVIII.

165 546 186 577 5
339 535 571 589 Exposito
602 537 838 590 pulsatori
868 538 1134 591 amputatae
1164 550 1345 582 manus.

215 616 434 660 TALIONIS
479 629 547 660 SIT
591 629 741 660 ACTIO.
814 630 894 669 QUI
943 631 1126 660 PATREM
1169 631 1467 675 PULSAOERIT,

327 687 479 718 MANUS
523 687 716 717 PERDAT.
791 675 972 725 Quidam
1010 677 1220 732 exposito,
1263 693 1387 733 quem
1423 679 1468 720 in

326 733 465 775 locum
491 734 570 775 filii
597 734 843 789 sustulerat,
874 735 1079 789 pulsatus,
1104 738 1322 790 tamquam
1345 739 1469 790 pater

327 805 476 833 manus
507 791 669 833 incidit.
727 793 895 847 agnitus
933 793 1006 834 ille
1048 793 1252 835 advocato
1282 795 1469 836 naturali

142 859 184 890 10
326 852 447 902 patre
479 849 681 892 talionem
711 851 831 904 petit.

728 965 954 1008 SERMO.

296 1046 377 1088 Hic
413 1046 658 1088 adulescens
701 1048 790 1088 iure
834 1047 1026 1089 infirmus
1071 1050 1147 1089 est.
1206 1063 1304 1090 nam
1348 1049 1461 1103 quod

207 1105 301 1159 lege
333 1105 485 1158 agitur,
516 1119 602 1147 non
627 1105 736 1146 solet
766 1105 972 1146 vindicari
999 1106 1103 1160 lege.
1146 1120 1219 1147 cur
1249 1106 1361 1148 enim
1391 1121 1463 1161 po-

206 1163 292 1203 tius
324 1163 377 1204 ab
409 1162 646 1217 educatore,
677 1177 802 1216 quam
834 1177 858 1203 a
889 1163 1101 1217 carnifice,
1130 1165 1302 1218 petatur
1328 1164 1465 1207 talio?

140 1230 182 1262 15
208 1220 282 1262 sed
317 1222 614 1274 praeterquam
656 1221 750 1274 lege
792 1221 922 1262 etiam
959 1221 1071 1262 facto
1112 1221 1305 1276 laborat,
1352 1223 1464 1276 quod

207 1278 401 1332 quamvis
427 1278 712 1330 educatorem,
736 1281 880 1319 tamen
905 1279 1037 1332 patris
1064 1279 1157 1320 loco
1180 1279 1463 1333 pulsav[er]it.

205 1336 439 1390 Dicat<ur>
464 1339 621 1390 tamen,
652 1336 918 1378 educatorem
949 1336 1078 1378 fuisse
1110 1337 1220 1379 hunc
1251 1337 1304 1379 ab
1335 1337 1458 1380 initio

206 1394 433 1448 crudelem,
477 1397 519 1435 et
561 1395 659 1436 hinc
696 1394 958 1448 suspicatum
994 1395 1205 1449 iuvenem,
1242 1410 1328 1438 non
1367 1410 1459 1438 esse

205 1452 328 1494 illum
364 1467 511 1494 verum
541 1455 718 1507 patrem.
780 1466 905 1507 saepe
936 1452 1080 1494 amieis
1114 1455 1329 1507 questum3
1367 1454 1457 1508 qui-

135 1521 180 1552 2ο
205 1510 387 1552 busdam
423 1511 554 1552 etiam
590 1510 830 1564 mandasse,
872 1513 920 1552 ut
957 1511 1235 1565 inquirerent,
1277 1511 1351 1566 qui
1381 1511 1456 1553 ali-

205 1568 372 1622 quando
409 1568 592 1610 infantes
629 1568 932 1622 exposuissent.
993 1569 1073 1610 hac
1111 1583 1156 1610 re
1186 1569 1368 1611 validius
1400 1569 1459 1612 of-

204 1626 371 1668 fensum
403 1641 557 1668 senem.
617 1627 760 1680 itaque
791 1626 956 1667 dedisse
988 1641 1177 1680 operam,
1213 1629 1261 1668 ut
1292 1642 1337 1670 se
1366 1627 1460 1682 pul-

205 1684 381 1725 sandum
424 1685 664 1737 praeberet:
707 1684 926 1737 deceptum
975 1687 1085 1726 certe
1133 1684 1186 1726 ab
1235 1699 1284 1726 eo
1332 1685 1462 1726 etiam

204 1745 395 1796 tempore
443 1742 536 1796 ipso
584 1743 796 1795 iuvenem,
844 1742 1043 1783 incidisse
1091 1743 1135 1783 in
1185 1757 1298 1796 eum,
1337 1757 1461 1797 quem

135 1811 181 1842 25
206 1800 380 1842 minime
416 1803 696 1853 provocatum
731 1799 886 1841 iniuria
925 1799 1066 1842 vellet.
1127 1802 1172 1841 at
1208 1800 1331 1841 illum
1363 1814 1460 1842 con-

205 1858 350 1900 festim
376 1860 595 1912 tamquam
621 1857 670 1899 de
697 1858 835 1899 alieno
861 1872 947 1899 non
971 1858 1228 1900 deliberasse
1254 1858 1461 1912 sanguine

206 1919 264 1971 et,
315 1916 414 1970 quia
456 1915 696 1958 redditurus
739 1918 850 1957 esset
897 1915 1154 1970 expositum,
1204 1915 1459 1958 debilitasse.

298 2023 318 2052 2
344 2018 522 2053 imbecilli
546 2020 677 2053 natura
702 2030 746 2053 ex
769 2020 826 2063 ΒΗ
853 2022 872 2052 3
897 2018 1035 2063 poteris
1059 2022 1084 2051 P
1103 2019 1115 2062 ΙΙ
1138 2018 1207 2053 ἰ11ιῑ
1231 2021 1258 2052 B
1276 2019 1289 2063 ΙΙ
1315 2022 1334 2053 ’1
1359 2017 1460 2065 (ab)

206 2064 375 2109 exposito
401 2064 467 2108 Gr,
492 2065 536 2108 cf.
561 2077 596 2108 p.
618 2068 700 2107 409,
721 2068 743 2099 7
765 2065 777 2108 ΙΙ
809 2068 851 2099 10
881 2065 979 2109 patri
1009 2067 1038 2098 A
1068 2066 1080 2109 n
1113 2069 1154 2099 12
1187 2065 1262 2099 iam
1287 2064 1344 2099 Ro
1373 2065 1386 2109 ΙΙ
1417 2068 1460 2098 14

207 2115 304 2146 -16
342 2123 452 2155 quam
491 2122 512 2145 a
543 2122 573 2146 e.
604 2123 639 2156 p.
672 2113 697 2146 t.
731 2122 758 2147 ε.
789 2123 823 2156 p.
857 2111 881 2145 1.
915 2121 946 2145 e.
978 2110 1002 2145 f.
1033 2111 1056 2145 1.
1090 2122 1123 2154 q.
1154 2122 1188 2155 q.
1226 2110 1459 2146 educatorem

207 2169 273 2193 om.
299 2160 352 2191 Aa
377 2159 388 2201 ΙΙ
420 2161 462 2192 15
487 2158 570 2202 lege
595 2157 717 2202 agitur
742 2158 853 2192 etiam
878 2160 908 2191 Δ
925 2158 937 2201 ΙΙ
959 2161 1000 2192 16
1026 2157 1318 2203 *pulsav[er]itss
1338 2160 1379 2192 17
1406 2157 1459 2191 di-

207 2202 363 2250 cat<ur>
386 2203 443 2238 Ro
461 2205 473 2249 Η
506 2207 548 2238 18
573 2204 632 2238 hic
657 2207 684 2237 Β
703 2205 715 2248 ΙΙ
745 2207 788 2238 21
814 2203 992 2238 infantem
1015 2206 1042 2237 B
1069 2204 1081 2247 ll
1108 2207 1152 2238 23
1178 2204 1318 2238 certum
1341 2203 1459 2239 habeo

205 2253 279 2295 AB,
306 2261 394 2288 corr.
420 2250 506 2294 Aer,
530 2253 624 2286 vetat
648 2251 833 2285 immutari
857 2250 915 2285 Ro
