1604 2488
156 763 198 794 10

156 1053 199 1084 15

153 1343 198 1374 20

155 1633 199 1663 25

225 124 282 166 80
703 125 1002 167 QUlNTILIANl

224 231 330 284 dico,
354 232 529 274 iudices:
554 232 957 286 perniciosissimam
983 247 1074 275 esse
1100 234 1263 276 civitati
1287 234 1397 276 hanc
1424 235 1481 276 le-

224 302 325 344 gum
356 290 763 343 interpretationem.
823 305 922 332 nam
959 290 995 332 si
1026 292 1135 346 apud
1165 291 1366 335 iudicium
1396 292 1478 334 hoc

224 361 390 401 semper
409 347 555 402 quaeri
574 347 624 389 de
642 348 809 402 legibus
830 351 1010 403 oportet,
1030 349 1130 403 quid
1153 350 1200 391 in
1223 349 1290 392 his
1309 351 1482 403 iustum,

225 405 325 459 quid
362 419 561 460 aequum,
605 406 704 460 quid
735 407 989 448 conveniens
1021 407 1078 448 sit
1108 407 1290 461 civitati,
1333 422 1478 463 super-

225 477 403 504 vacuum
439 463 522 505 fuit
558 463 687 505 scribi
726 465 898 506 omnino
930 465 1058 520 leges.
1119 467 1162 507 et
1191 465 1314 508 credo
1345 466 1479 508 fuisse

224 524 418 575 tempora
450 522 694 576 aliquando,
725 537 832 576 quae
864 523 1000 564 solam
1031 524 1074 563 et
1103 523 1258 565 nudam
1289 524 1479 566 iustitiae

223 579 432 620 haberent
484 579 835 621 aestimationem.
907 579 989 622 Sed
1033 581 1231 634 quoniam
1271 581 1375 623 haec
1417 582 1478 624 in-

224 637 362 691 geniis
393 637 436 679 in
467 638 679 679 diversum
703 638 1023 690 traheba[n]tur
1046 652 1123 680 nec
1147 653 1349 694 umquam
1375 640 1479 681 satis

225 695 426 737 constitui
456 698 642 750 poterat,
681 695 782 750 quid
820 698 1053 750 oporteret,
1091 699 1206 738 certa
1236 697 1389 751 forma,
1427 697 1480 738 ad

225 767 351 807 quam
390 754 645 807 viveremus,
687 754 862 795 intituta
893 757 968 795 est.
1033 754 1143 796 hanc
1185 755 1250 796 illi
1287 758 1480 797 auctores

223 811 366 866 legum
398 811 538 853 verbis
571 811 777 866 complexi
809 815 924 864 sunt3
957 826 1084 866 quam
1110 812 1146 854 si
1171 815 1334 854 mutare
1360 815 1402 854 et
1428 813 1480 854 ad

224 869 433 911 utilitates
477 884 574 911 suas
618 872 857 924 pervertere
900 870 1018 911 licet:
1067 871 1205 912 omnis
1254 871 1319 912 vis
1364 871 1481 924 iuris,

225 927 362 968 omnis
394 942 495 969 usus
522 927 708 981 eripitur.
758 942 858 969 nam
885 927 984 982 quid
1010 928 1197 983 interest,
1226 929 1370 971 nullae
1395 929 1481 970 sint

225 999 279 1026 an
309 986 494 1027 incertae
525 985 670 1040 leges?
714 986 781 1027 lex
811 986 886 1027 illa
916 986 1135 1041 complexa
1166 989 1247 1028 est:
1277 1000 1336 1028 ne
1367 987 1479 1040 plus

224 1043 397 1096 liceat,
436 1058 582 1097 quam
619 1043 876 1084 dimidiam
913 1047 1124 1097 partem,
1167 1043 1369 1086 mulieri
1405 1058 1480 1086 re

225 1101 470 1155 linquere.
530 1101 671 1142 neutri
714 1116 763 1142 ex
799 1101 883 1152 his,
927 1102 1077 1156 quibus
1126 1102 1340 1156 adsumus,
1383 1101 1479 1156 plus

223 1159 399 1200 dimidia
429 1161 550 1213 parte
581 1159 771 1200 relictum
801 1173 892 1200 esse
923 1159 1195 1201 manifestum
1227 1163 1307 1213 est3
1340 1161 1382 1201 et
1408 1173 1479 1214 ap-

223 1219 345 1270 paret
362 1217 555 1271 potuisse
580 1217 722 1271 legum
747 1218 927 1259 latorem
948 1219 1044 1271 [ut],
1063 1217 1100 1259 si
1124 1220 1290 1271 partem
1313 1217 1482 1260 demum

223 1275 471 1329 patrimonii
499 1275 719 1329 pervenire
750 1275 803 1317 ad
833 1275 1010 1317 feminas
1039 1276 1179 1329 vellet,
1209 1278 1375 1329 partem
1399 1276 1481 1317 uti·

224 1347 304 1387 que
346 1333 446 1374 viris
483 1333 686 1388 relinqui,
725 1333 769 1374 id
808 1333 947 1387 ipsum
979 1334 1196 1386 cavere[t].
1254 1347 1389 1388 neque
1437 1332 1480 1374 id

225 1405 381 1446 magno
422 1394 496 1432 aut
536 1391 700 1432 difficili
739 1391 916 1433 circuitu
959 1391 1068 1434 effici
1107 1391 1264 1445 potuit:
1305 1391 1378 1433 sed
1414 1391 1482 1437 vel

225 1449 286 1491 sic
317 1450 477 1503 scripta
508 1449 621 1503 lege,
651 1463 701 1490 ne
729 1450 826 1503 plus
858 1464 983 1503 quam
1015 1449 1190 1491 dimidia
1219 1463 1320 1504 pars
1351 1449 1481 1503 patri-

223 1507 356 1548 monii
394 1507 446 1548 ad
483 1507 660 1548 feminas
697 1508 948 1561 perveniret.
1016 1508 1231 1562 interrogo
1270 1507 1400 1549 enim:
1445 1507 1482 1548 si

224 1565 352 1619 (qui)
385 1565 577 1618 pluribus
608 1565 791 1618 feminis,
823 1565 895 1606 sed
926 1566 1111 1607 minores
1136 1562 1360 1620 aliquanto
1385 1579 1480 1619 por—

224 1623 363 1664 tiones
407 1622 644 1676 reliquerit,
694 1636 800 1677 quae
849 1625 993 1664 tamen
1042 1626 1310 1677 computatae
1353 1625 1395 1664 et
1436 1623 1481 1664 in

225 1695 355 1721 unum
398 1682 640 1733 contractae
683 1681 777 1734 plus
815 1695 942 1734 quam
979 1681 1198 1722 semissem
1234 1681 1481 1734 patrimonii

224 1739 429 1780 efficiant:
462 1752 631 1792 quaero,
663 1752 717 1779 an
748 1738 908 1780 moveri
932 1738 986 1780 lis
1011 1738 1177 1793 possit?
1208 1752 1307 1779 nam
1333 1738 1368 1779 si
1395 1752 1479 1780 mo-

224 1799 347 1838 vetur
377 1797 448 1837 lis:
479 1810 566 1838 non
596 1796 677 1838 hac
709 1794 776 1851 (ut
801 1796 972 1851 opinor)
997 1797 1091 1850 lege
1115 1796 1366 1852 litigabitur,
1398 1810 1480 1851 qua

319 1903 339 1933 2
367 1899 505 1934 iudices
530 1902 556 1932 B
582 1900 593 1943 ΙΙ
619 1903 640 1933 4
667 1899 716 1934 sit
739 1909 805 1934 om.
830 1901 856 1932 B
881 1901 892 1944 ΙΙ
919 1901 938 1933 5
965 1899 1083 1934 scribo
1108 1902 1171 1942 Aa,
1197 1898 1354 1934 scribere
1378 1901 1405 1932 B
1424 1900 1435 1943 n
1459 1901 1480 1933 5

224 1956 310 1980 non
336 1947 544 1990 oportere
570 1957 648 1990 per
672 1945 1030 1990 disputationem
1055 1945 1202 1990 legum
1227 1946 1358 1980 cauta
1382 1955 1482 1990 per-

224 1993 342 2026 verti
368 1995 398 2025 A
434 1993 445 2035 ΙΙ
483 1996 502 2026 6
528 1991 691 2026 iustitiae
717 2002 781 2026 om.
808 1995 833 2025 B
865 1993 876 2035 Η
909 1996 927 2026 7
953 1992 1076 2036 legum
1102 1994 1191 2027 aest.
1216 1995 1242 2025 B
1268 1993 1278 2036 ΙΙ
1306 1995 1327 2027 8
1352 1991 1390 2026 in
1414 2002 1479 2026 om.

223 2041 250 2071 B
269 2039 280 2081 ΙΙ
300 2038 483 2073 diversam
508 2041 538 2071 A
570 2040 580 2083 ΙΙ
611 2038 887 2083 traheba[n]tur
911 2039 987 2074 edd.
1018 2039 1030 2082 ΙΙ
1060 2042 1101 2072 11
1128 2038 1247 2073 verbis
1272 2048 1337 2073 om.
1362 2041 1388 2070 P
1405 2039 1416 2081 ΙΙ
1438 2042 1479 2072 12

228 2084 301 2118 suis
327 2084 414 2119 viris
438 2088 539 2118 13—1’
557 2086 568 2129 Η
590 2089 632 2119 14
658 2095 722 2119 nec
747 2087 773 2117 B
792 2086 804 2129 ΙΙ
826 2089 866 2119 17
893 2095 968 2119 esse
993 2095 1058 2120 om.
1083 2086 1139 2130 ΒΗ
1161 2089 1202 2120 18
1229 2083 1300 2130 [ut]
1325 2083 1384 2119 Ro
1400 2084 1412 2128 ΙΙ
1439 2087 1480 2118 19

228 2131 419 2174 pervenire
445 2131 492 2165 ad
517 2132 600 2166 fem.
627 2135 688 2166 etc.
710 2151 752 2156 —
779 2135 823 2166 22
849 2142 932 2175 pars
955 2131 1167 2174 patrimonii
1192 2141 1257 2165 om.
1282 2132 1308 2163 B
1327 2131 1338 2173 ΙΙ
1358 2133 1402 2164 20
1427 2141 1481 2165 re·

226 2177 391 2221 linquere
417 2180 457 2219 A,
484 2188 574 2212 corr.
601 2177 658 2212 Ro
688 2178 699 2221 ΙΙ
731 2181 809 2212 cafi
834 2179 863 2210 A
882 2178 893 2221 ΙΙ
913 2178 1058 2212 caveret
1081 2180 1120 2220 A,
1147 2188 1236 2212 cor-r.
1262 2176 1318 2211 Ro
1336 2178 1348 2220 ΙΙ
1367 2180 1411 2210 22
1437 2176 1481 2211 *fi

226 2224 308 2267 plus
333 2226 362 2256 A
389 2225 399 2267 Η
425 2227 468 2258 23
495 2223 706 2268 *perveniat
730 2223 778 2268 (sl)
805 2225 816 2268 [l
835 2225 978 2269 integro
1003 2227 1028 2256 P
1046 2225 1056 2267 fl
1076 2227 1120 2258 24
1146 2222 1284 2270 *<qui>
1301 2225 1312 2268 Η
1331 2227 1374 2257 25
1402 2233 1481 2258 con

226 2271 348 2313 111128
375 2281 416 2305 ac
441 2273 541 2303 13—12
559 2272 570 2315 n
589 2270 664 2315 legi
688 2272 790 2304 B-P
