1604 2488
468 118 894 169 DECLAMATioNEs.
921 131 1140 169 ccxcv111.
1360 131 1444 175 179

157 238 253 298 hoc,
285 242 399 301 quod
431 241 581 297 durus,
613 241 727 297 quod
758 241 985 297 inhabilis,
1017 241 1132 296 quod
1163 241 1279 284 filius
1311 255 1445 284 meus.

158 302 319 359 qualia,
351 301 410 344 dii
442 301 644 356 deaeque,
675 300 852 343 damna!

245 361 472 417 Intellego,
504 374 600 402 cum
634 374 717 416 quo
749 360 856 402 mihi
883 359 973 402 filio
1006 370 1076 402 res
1107 360 1184 402 sit:
1218 374 1306 402 non
1332 374 1445 403 com-

157 421 372 465 mendabo
410 421 478 463 illi
520 420 715 462 laborem
752 420 984 462 honestum
1022 422 1064 461 et
1094 419 1255 462 bonam
1288 419 1444 462 cotidie

157 481 468 524 conscientiam
501 482 545 522 et
576 493 769 534 operam,
807 478 939 521 etiam
971 478 1223 521 civitatibus
1256 479 1444 521 servien-
1470 490 1491 522 5

155 543 256 584 tem.
319 554 447 596 agam
487 552 663 582 causam
700 553 779 594 per
815 538 930 580 vices
969 539 1091 594 anni,
1138 539 1259 591 [non]
1293 553 1442 580 nume-

154 601 263 644 rabo
302 599 486 642 fructus:
536 598 807 641 luxuriosum
845 598 984 639 filium
1026 598 1079 640 ad
1121 597 1298 640 delicias
1336 612 1443 640 voco

153 662 345 716 paratas.
407 658 598 714 ingentis
629 657 839 712 pecuniae
871 657 1139 712 concupiscis
1171 657 1316 699 feras?
1373 657 1444 699 de-

154 733 277 762 mens
308 718 401 773 ipse
434 732 604 760 venare.
667 717 819 759 avibus
853 717 1023 759 onerari
1054 716 1218 759 fercula
1251 716 1443 772 gaudes?

154 778 322 821 fructus
354 779 546 832 nostros,
576 776 663 818 nisi
695 777 925 831 succurris,
957 776 1183 818 infestant.
1235 775 1440 831 quidquid
1470 787 1513 819 10

154 837 245 880 illic
276 837 445 879 lautum
478 838 562 891 est,
602 850 682 878 nos
716 835 934 890 misimus3
980 837 1023 877 et
1054 835 1220 878 fructus
1254 835 1442 878 curvatis

154 897 287 939 ramis
329 896 383 938 ad
424 910 601 938 manum
642 897 820 950 paratos
860 895 1083 937 habemus.
1145 909 1367 950 compara,
1406 895 1444 937 si

152 955 388 1011 videbitur,
419 955 575 997 vestris
606 954 778 997 nivibus
811 968 927 996 meos
952 954 1113 1010 fontes3
1147 968 1351 1010 compara
1382 954 1443 995 in-

153 1015 284 1058 clusis
307 1014 424 1056 intra
448 1013 636 1069 parietes
657 1013 780 1069 aquis
800 1027 1007 1068 perennes
1027 1013 1252 1055 fluminum
1279 1013 1441 1068 lapsus.

152 1088 262 1130 quae
286 1075 413 1116 tanta
437 1073 563 1116 vobis
588 1072 795 1115 nemora?
828 1072 930 1127 quid
957 1075 1024 1115 est
1049 1072 1149 1114 istic
1175 1072 1442 1128 admirabile,
1469 1083 1512 1115 15

150 1133 238 1176 nisi
268 1133 381 1176 ruris
414 1132 635 1175 imitatio?
680 1132 733 1174 ad
764 1132 844 1174 has
876 1134 920 1174 te
953 1131 1131 1174 delicias
1164 1135 1290 1186 pater
1322 1146 1441 1175 voco.

149 1192 243 1248 ipse
275 1192 430 1235 durum
461 1191 628 1234 desidia
660 1192 799 1234 solum
834 1191 965 1234 sulcis
998 1191 1191 1246 aperiam
1225 1194 1268 1233 et
1295 1193 1440 1233 aratro

152 1266 282 1294 senex
311 1251 578 1294 incumbam:
609 1253 658 1292 tu
691 1253 861 1293 tantum
892 1251 1071 1305 impera.
1109 1264 1195 1292 non
1221 1250 1441 1293 misereris

149 1310 321 1366 paterni
355 1310 543 1365 avitique
575 1309 710 1365 fundi,
743 1310 872 1353 obsiti
906 1309 1134 1352 sentibus?
1175 1310 1290 1352 circa
1321 1310 1440 1351 beati

148 1371 335 1413 fructus:
367 1383 448 1412 nos
481 1369 647 1411 desidia
678 1370 792 1412 male
824 1368 1034 1412 audimus.
1086 1371 1192 1424 quot
1223 1369 1310 1411 iam
1343 1383 1438 1424 per·
1465 1379 1509 1411 20

150 1429 338 1471 didimus
371 1429 526 1471 annos!
565 1430 613 1470 tu
645 1428 756 1470 vivis
791 1428 934 1470 aliena
965 1428 1245 1470 liberalitate.
1307 1427 1369 1470 At
1401 1427 1438 1470 si

147 1493 192 1531 te
223 1489 346 1530 nulla
376 1487 532 1530 horum
566 1487 786 1530 miseratio
818 1490 947 1543 tenet,
978 1487 1181 1544 ignoscas
1207 1486 1331 1528 mihi:
1364 1487 1439 1529 du-

149 1548 284 1590 cimus
325 1547 538 1603 quendam
571 1547 776 1590 adversus
808 1547 926 1602 ipsas
958 1549 1097 1588 terras
1130 1546 1438 1588 consuetudine

149 1607 384 1650 adfectum:
423 1621 511 1649 non
548 1606 707 1648 vendes
745 1609 794 1648 tu
827 1606 1017 1662 agellum
1044 1620 1206 1662 meum,
1243 1620 1331 1648 non
1362 1621 1436 1661 pa-

146 1659 295 1709 ternos
327 1666 552 1721 avitosque
585 1667 747 1708 cineres
781 1667 824 1708 et
856 1680 955 1708 ossa
987 1665 1116 1708 alicui
1141 1665 1280 1720 pretio
1308 1679 1436 1708 cenae
1463 1675 1508 1707 25

146 1725 272 1768 unius
317 1725 501 1768 addices.
564 1727 777 1780 quatenus
819 1724 1054 1767 infeliciter
1090 1724 1229 1766 filium
1269 1725 1437 1781 sustuli,

147 1799 347 1841 quaeram
379 1785 579 1840 aliquem,
611 1785 684 1840 qui
717 1785 842 1827 colat.

242 1905 260 1936 1
287 1912 344 1936 ms
369 1903 399 1935 A
424 1902 436 1946 ΙΙ
462 1905 482 1937 2
510 1901 724 1946 dedeaeque
749 1903 818 1945 Aa,
852 1900 1058 1955 dideaeque
1084 1903 1154 1945 Ab,
1188 1900 1311 1937 dicere
1336 1904 1363 1935 B
1384 1903 1436 1947 113

144 1949 202 1984 eet
221 1951 296 1994 AB,
323 1959 414 1985 corr
435 1948 493 1985 Ro
512 1950 523 1994 ΙΙ
543 1953 565 1984 4
592 1949 753 1984 coditiae
773 1951 803 1982 A
822 1950 833 1995 11
854 1952 874 1984 5
901 1947 1014 1984 etiam
1041 1948 1080 1983 in
1107 1947 1176 1984 civ
1204 1951 1230 1982 B
1251 1949 1262 1994 ΙΙ
1283 1953 1302 1984 6
1327 1949 1434 1996 [non]

143 1996 346 2032 numerabo
374 1996 436 2040 Pi,
466 1996 718 2032 annumerabo
746 1995 820 2031 Obr
845 1997 856 2041 ΙΙ
884 1999 902 2031 7
928 1995 1114 2030 luxurium
1140 1998 1194 2030 Aa
1219 1997 1231 2042 Η
1260 2000 1280 2031 9
1306 1997 1435 2033 venire

143 2047 169 2077 1³
193 2044 206 2089 ΙΙ
231 2048 276 2080 10
296 2043 526 2080 succurreris
551 2047 577 2077 P
603 2044 614 2088 ΙΙ
642 2048 683 2078 11
713 2043 878 2078 curbatis
904 2046 934 2077 A
959 2044 971 2089 Ι]
999 2047 1041 2079 12
1068 2045 1240 2088 paratum
1266 2046 1292 2077 B
1313 2044 1324 2089 Η
1351 2055 1434 2080 011111

142 2091 265 2136 parari
296 2091 445 2127 videtur
469 2093 495 2125 Β
522 2092 533 2136 ΙΙ
567 2095 610 2126 13
637 2093 782 2127 vestros
813 2090 960 2126 nivibus
985 2090 1078 2126 meis
1105 2094 1184 2135 AB,
1219 2102 1311 2127 corr.
1342 2091 1397 2127 Gr
1424 2096 1434 2138 1

145 2141 284 2174 13-14
308 2138 444 2175 inclusi
471 2139 555 2174 sint.
582 2139 651 2174 Est
675 2139 774 2174 inter
798 2150 875 2183 par.
902 2139 960 2183 ΒΗ
981 2142 1024 2174 16
1052 2138 1126 2174 oris
1152 2140 1205 2174 vel
1231 2138 1325 2175 roris
1351 2142 1404 2173 Aa.
1431 2146 1432 2149 ’

143 2189 190 2222 20
215 2186 424 2222 audivimus
456 2189 486 2220 A
517 2188 528 2231 Η
561 2185 660 2232 quod
686 2188 750 2220 AB
777 2186 788 2231 ΙΙ
814 2189 858 2221 22
884 2186 962 2222 ulla
993 2186 1126 2221 horum
1159 2187 1337 2222 miserato
1370 2189 1396 2220 Β
1430 2191 1431 2195 ’

142 2232 305 2279 ignoscis
330 2236 357 2268 Β
378 2236 389 2280 ΙΙ
408 2238 453 2270 26
482 2233 712 2270 infoelicium
738 2236 765 2267 Β
786 2233 797 2277 ΙΙ
818 2237 861 2269 27
889 2234 988 2269 colet
1012 2236 1038 2267 B

1139 2388 1212 2423 12*
