1604 2488
425 90 851 129 DECLAMATIONES.
896 90 1101 129 CCCXVII.
1116 125 1123 130 .
1329 91 1415 134 247

113 203 316 246 vocatum
358 215 475 257 eum,
514 201 588 257 qui
619 202 818 257 proximo
849 201 1015 256 proelio
1049 201 1303 244 debilitatus
1337 202 1413 258 sit3

110 262 329 318 fingamus
356 275 451 303 esse
475 263 771 316 provocatum,
797 275 927 316 quem
952 261 1191 316 imperator
1214 261 1259 304 in
1279 261 1412 305 aliam

113 323 286 377 partem
318 319 605 375 expeditionis
643 321 706 363 ire
738 320 933 363 iusserit:
972 320 1170 375 profecto
1204 319 1410 363 adversus

109 381 332 426 neminem
363 380 521 423 horum
553 380 668 423 actio
701 394 754 422 ex
784 380 867 423 hac
898 379 996 437 lege
1030 379 1217 423 dabitur.

202 439 339 495 Atqui
370 439 479 482 mihi
511 440 619 482 satis
649 442 716 483 est
753 439 934 495 efficere,
965 442 1015 482 ut
1053 439 1183 483 alicui
1207 454 1298 482 non
1335 455 1413 495 pu·
1441 451 1460 483 5

110 513 250 557 gnare
280 499 421 542 liceat.
482 513 587 542 nam
626 499 663 542 si
703 499 783 542 ulli
812 501 959 554 potest
996 499 1090 542 dari
1127 499 1234 542 haec
1273 500 1412 555 venia,

112 574 204 603 non
243 558 531 615 dubitabitur,
569 559 674 616 quin
711 559 828 614 patri
860 559 997 602 detur.
1059 557 1142 601 Sed
1175 561 1410 615 antequam

114 621 317 662 naturam
350 617 546 675 defendo,
577 619 855 674 imperatoris
882 618 982 661 volo
1009 618 1241 662 defendere
1269 619 1409 675 digni-

108 681 263 722 tatem.
322 678 536 720 contendo
567 677 678 722 hanc
709 678 852 734 legem
885 678 940 720 ad
973 678 1134 721 milites
1166 678 1410 734 pertinere:

113 738 305 793 primum
337 737 452 793 quod
483 738 598 780 inter
629 737 710 780 hos
742 737 830 780 fere
863 738 1116 794 provocatio
1151 739 1219 792 sit,
1252 738 1407 781 deinde
1440 750 1483 782 10

112 797 321 853 quoniam
357 797 504 854 legum
540 797 656 840 lator
694 812 931 853 numquam
970 797 1166 853 profecto
1202 800 1294 840 tam
1328 798 1409 840 ini-

107 871 218 911 quus
262 856 364 911 fuit,
407 859 456 898 ut
495 857 732 912 periclitari
773 872 823 900 ex
869 860 1025 900 eventu
1062 871 1236 913 pugnae
1280 858 1409 900 unius

108 916 334 960 civitatem
365 916 723 972 summa<mque>
755 916 819 959 rei
851 917 1050 972 publicae
1077 917 1222 959 vellet.
1271 917 1411 972 finga-

111 990 207 1020 mus
239 974 356 1019 e‘nim
388 975 442 1018 ab
476 975 623 1030 aliquo
657 976 812 1019 ultimo
849 976 1036 1018 rnilitum
1073 977 1304 1032 provocari
1332 977 1408 1019 du-

107 1049 224 1078 cem:
255 1034 372 1078 idem
403 1034 647 1090 discrimen,
683 1035 797 1078 idem
828 1035 1082 1091 periculum,
1113 1051 1193 1091 par
1226 1039 1407 1080 eventus
1442 1048 1485 1080 15

108 1097 190 1137 est.
227 1094 365 1149 adice,
403 1094 519 1150 quod
549 1095 663 1138 inter
692 1096 947 1151 praecipuas
987 1095 1172 1138 virtutes
1214 1098 1281 1138 est
1332 1096 1410 1138 im-

109 1155 327 1208 peratoris
371 1168 460 1196 non
505 1168 699 1210 pugnare
746 1155 991 1210 aliquando.
1065 1155 1124 1198 sic
1167 1155 1413 1198 extrahitur

110 1213 269 1268 hostis3
312 1213 374 1256 sic
403 1213 592 1269 impetus
626 1214 795 1257 subitos
827 1215 967 1270 partis
1001 1214 1208 1258 adversae
1241 1214 1411 1270 frangit

110 1287 251 1327 mora;
297 1273 358 1316 sic
402 1273 662 1316 interclusos
701 1274 1015 1316 commeatibus
1056 1274 1101 1316 in
1143 1273 1409 1316 deditionem

109 1332 259 1374 venire
301 1332 416 1374 fame
454 1333 662 1389 cogimus.
723 1333 869 1389 itaque
909 1333 1082 1376 hercule
1120 1333 1308 1376 militem
1351 1334 1409 1376 le·
1438 1347 1483 1379 20

110 1391 253 1447 gimus
296 1391 544 1447 robustum,
595 1392 780 1448 legimus
825 1393 1044 1435 iuvenem:
1097 1393 1410 1449 imperatorem

109 1450 294 1493 facimus
327 1465 485 1494 senem.
532 1453 579 1494 in
609 1451 697 1494 illis
737 1452 853 1494 enim
885 1452 950 1494 vis
990 1467 1223 1508 corporum
1250 1456 1294 1495 et
1319 1468 1409 1495 ma-

108 1525 192 1552 nus
226 1510 320 1553 sola
351 1513 584 1567 spectatur,
603 1510 663 1553 ⁴in
693 1511 761 1554 his
795 1512 1024 1554 consilium
1057 1515 1101 1554 et
1129 1512 1263 1555 ratio:
1297 1527 1409 1568 quae

109 1570 226 1612 bona
261 1570 532 1626 procedentis
571 1572 729 1614 aetatis
761 1571 808 1613 in
839 1571 984 1614 locum
1015 1572 1175 1614 virium
1207 1572 1408 1614 subeunt.

107 1629 253 1684 ipsum
284 1632 510 1686 praeterea
538 1645 699 1673 nomen
723 1630 1001 1686 imperatoris
1034 1631 1141 1674 satis
1175 1631 1409 1687 significat,
1437 1644 1482 1676 25

108 1703 198 1731 non
230 1690 348 1745 exigi
378 1704 554 1733 manum
586 1690 737 1746 ipsius.
798 1691 1014 1745 imperare
1053 1691 1169 1733 enim
1202 1691 1331 1734 debet
1367 1695 1410 1734 et

107 1748 370 1804 praecipere.
431 1749 476 1792 in
509 1764 734 1805 summam,
765 1750 820 1793 ab
854 1764 918 1805 eo,
951 1751 1026 1806 qui
1058 1754 1323 1807 provocatus
1353 1751 1407 1794 ab

106 1807 234 1851 hoste
282 1822 372 1851 non
414 1810 696 1865 pugnaverit,
748 1810 1010 1865 supplicium
1057 1811 1223 1866 optime
1270 1811 1410 1868 exigit

107 1867 357 1923 imperator.
419 1882 524 1924 ergo
564 1869 600 1911 si
638 1869 719 1912 hoc
758 1870 900 1912 solum
939 1869 1055 1925 apud
1087 1885 1166 1913 vos
1202 1870 1408 1912 dicerem:

106 1941 194 1969 non
230 1928 444 1984 pugnavit
482 1928 587 1983 dux,
623 1943 712 1971 non
744 1929 958 1984 pugnavit
990 1943 1141 1984 senex,
1178 1943 1268 1972 non
1303 1929 1407 1972 fecit
1437 1942 1482 1974 30

206 2108 227 2140 6
254 2103 335 2139 dari
360 2105 428 2149 pot
452 2105 623 2149 31111-
639 2108 681 2138 12
709 2103 884 2140 inimicus
911 2107 988 2149 AB,
1016 2115 1107 2140 corr.
1138 2104 1193 2140 Gr
1210 2107 1224 2152 ΙΙ
1245 2109 1288 2141 12
1316 2107 1413 2152 peri-

106 2151 242 2187 clitare
266 2154 294 2186 B
319 2152 332 2197 ΙΙ
363 2162 407 2187 ex
439 2162 506 2187 om.
533 2155 559 2186 1³
584 2154 596 2197 ΙΙ
629 2155 671 2186 13
706 2151 1021 2201 summa<mque>
1048 2153 1125 2188 Aer
1151 2154 1164 2199 ss
1199 2158 1241 2189 16
1278 2158 1318 2187 Ν
1358 2155 1413 2201 ΔΗ

109 2202 248 2235 16-17
274 2198 542 2244 imperatorem
567 2202 652 2242 AB,
678 2210 769 2236 corr.
797 2199 852 2235 Gr
869 2203 882 2246 ΙΙ
904 2204 946 2235 19
975 2203 1262 2236 commeatus
1287 2204 1318 2235 A
1336 2202 1347 2247 ΙΙ
1368 2206 1411 2237 22

108 2256 214 2282 senes
241 2249 272 2281 A
290 2247 303 2292 ΙΙ
321 2250 368 2282 24
392 2246 651 2292 praecedentis
678 2249 754 2291 AB,
789 2258 881 2283 corr.
908 2247 985 2284 Lat
1003 2249 1016 2294 u
1035 2251 1080 2283 25
1114 2257 1155 2286 Ν
1185 2251 1215 2283 A
1233 2250 1246 2294 ΙΙ
1265 2252 1310 2284 26
1337 2248 1414 2284 exi-

107 2303 196 2338 gere
221 2297 296 2339 AB,
322 2305 414 2330 corr.
443 2294 498 2330 Gr
516 2295 529 2339 ss
547 2294 753 2339 imperator
778 2295 878 2331 enim
904 2295 1020 2332 debet
1043 2308 1098 2342 pr.
1130 2300 1157 2331 B
