1578 2470
162 906 205 937 10

161 1194 204 1226 15

157 1486 202 1518 20

157 1775 200 1807 25

235 70 320 112 386
715 73 1015 115 QUINTILIANI

763 213 963 257 OOGLV.

580 294 732 337 Tutor
764 295 986 339 lenocinii
1015 308 1143 340 reus.

233 386 429 440 Pupillus
462 401 555 428 cum
587 390 728 430 tutore
761 389 916 442 agebat
946 391 1117 445 tutelae,
1146 393 1263 435 tutor
1293 408 1386 436 cum
1412 409 1487 448 pu-

348 445 452 499 pillo
497 445 707 488 adulterii.
772 447 1023 489 remiseram,
1065 448 1246 492 invicem
1288 452 1486 494 actiones.

349 502 549 544 lenocinii
580 505 697 545 tutor
727 518 822 547 reus
855 508 929 547 est.

747 630 973 674 SERMO.

318 722 466 764 Fuisse
509 723 715 776 quosdam
760 723 978 778 utriusque
1020 726 1214 768 inimicos
1256 726 1326 769 hic
1366 729 1485 770 tutor

232 780 358 834 dicet,
391 781 463 835 qui
494 781 547 822 ab
579 781 701 823 initio
734 781 911 824 moleste
943 783 1131 838 tulerint,
1162 798 1246 826 non
1276 785 1382 839 ipsis
1413 800 1486 840 po-

230 838 314 879 tius
362 839 555 880 relictam
600 853 690 880 esse
733 841 911 881 tutelam
955 844 1014 894 et,
1063 843 1263 896 quoniam
1306 843 1360 884 ab
1402 843 1483 886 hac

229 896 387 950 praeda
425 896 582 938 exclusi
620 898 722 951 sint,
762 897 1002 941 distulerint
1041 914 1136 954 spes
1169 915 1266 942 suas
1298 901 1343 942 in
1374 901 1484 943 diem

229 954 427 995 ultimum
470 955 646 1008 tutelae⁷
690 957 737 997 ut
781 956 928 996 rudem
973 958 1014 998 et
1050 957 1291 1011 imperitam
1332 959 1484 1012 pupilli

229 1014 411 1054 aetatem
449 1012 668 1054 fraudibus
700 1013 786 1054 suis
818 1013 1218 1057 circumscriberent.
1267 1030 1311 1057 se
1341 1019 1484 1058 autem

227 1071 387 1111 tutelae
423 1071 629 1124 rationes,
666 1073 713 1111 ut
753 1071 948 1125 debebat,
988 1072 1230 1114 reddidisse.
1296 1076 1483 1115 ceterum

228 1131 506 1180 metuentem,
547 1142 600 1169 ne
645 1128 842 1170 dimissus
887 1143 911 1170 a
948 1143 991 1171 se
1034 1130 1220 1184 pupillus
1262 1131 1482 1177 fraudibus

230 1188 272 1227 et
309 1186 475 1227 insidiis
515 1186 782 1227 inimicorum
813 1187 1242 1242 circumscriberetur,
1278 1189 1395 1230 velut
1426 1189 1482 1230 al-

228 1246 364 1285 teram
406 1243 495 1285 eius
532 1245 709 1285 tutelam
747 1247 966 1300 gesturum
1003 1246 1048 1286 in
1084 1246 1208 1287 domo
1246 1246 1484 1289 retinuisse.

228 1304 330 1343 tunc
361 1316 459 1343 vero
490 1302 800 1343 consurrexisse
825 1302 937 1357 illos,
969 1304 1040 1358 qui
1064 1303 1243 1345 tutelam
1267 1304 1372 1359 ipsis
1395 1318 1483 1346 non

229 1360 500 1402 commissam
549 1360 725 1401 moleste
767 1360 971 1414 tulerant,
1020 1363 1063 1402 et
1108 1362 1294 1415 graviter
1336 1376 1482 1404 excan-

229 1417 380 1472 duisse,
417 1433 470 1459 ne
504 1422 676 1472 peracto
712 1419 880 1472 quidem
905 1419 1066 1460 tutelae
1090 1421 1282 1474 tempore
1308 1435 1332 1461 a
1357 1420 1482 1462 domo

229 1477 384 1518 tutoris
416 1477 623 1530 pupillum
656 1477 830 1531 dimitti,
862 1477 1023 1518 nullam
1050 1478 1312 1519 occasionem
1337 1478 1390 1519 ad
1415 1477 1483 1518 de-

230 1534 496 1588 spoliandum
527 1535 772 1588 imperitum
803 1535 997 1576 iuvenem
1023 1535 1124 1576 dari.
1167 1537 1377 1591 cogitasse
1402 1536 1482 1590 igi-

227 1594 313 1646 tur,
358 1593 712 1647 quemadmodum
760 1593 969 1647 pupillum
1014 1607 1061 1634 ac
1103 1596 1287 1636 tutorem
1334 1595 1481 1635 mutuo

228 1649 373 1691 dolore
405 1650 699 1691 distraherent.
759 1665 858 1691 nam
894 1651 930 1691 si
959 1651 1158 1692 rationes·
1177 1653 1344 1693 tantum
1374 1650 1482 1692 infa-

227 1709 409 1761 marent,
452 1708 654 1749 videbant
689 1709 896 1761 futurum,
935 1711 983 1748 ut
1026 1709 1186 1762 optima
1222 1708 1482 1750 conscientia

227 1767 344 1807 tutor
378 1780 464 1807 non
497 1768 740 1819 expectaret
769 1766 963 1806 ultimam
990 1766 1302 1808 contentionem
1327 1765 1482 1819 iudicii,

228 1823 302 1864 sed
338 1838 413 1878 per
457 1838 701 1865 communes
739 1824 895 1864 amicos
939 1823 1282 1879 propinquosque
1328 1823 1481 1879 pupilli

228 1881 507 1924 satisfaceret.
566 1881 776 1930 invenisse
816 1881 912 1922 illos
949 1882 1176 1934 rationem,
1213 1896 1296 1936 qua
1334 1883 1480 1923 mutuo

229 1938 374 1981 dolore
406 1939 708 1981 distraherent:
744 1939 1006 1980 summisisse
1038 1940 1110 1994 qui
1142 1939 1340 1993 dicerent,
1371 1939 1480 1980 male

226 1999 430 2039 tractatas
470 2012 495 2039 a
531 2000 671 2039 tutore
707 1997 911 2038 rationes:
954 2011 1040 2039 non
1078 1998 1221 2039 omnia
1251 2011 1375 2039 nosse
1405 2011 1480 2050 pu-

321 2127 339 2158 7
365 2123 528 2167 utrisque
552 2126 582 2157 A
607 2124 618 2168 ΙΙ
650 2126 670 2158 8
695 2123 859 2159 tulerunt
883 2127 908 2157 Β
937 2125 949 2168 ΙΙ
981 2126 1023 2157 13
1051 2122 1234 2157 debebant
1256 2125 1283 2156 Β
1309 2123 1314 2167 Ι
1344 2125 1480 2157 20--21

223 2171 260 2204 te
287 2170 519 2214 spoliandum
545 2173 571 2203 B
590 2171 603 2214 ss
620 2173 664 2204 23
690 2169 1001 2204 distraherent
1019 2172 1049 2202 A
1067 2170 1079 2214 ss
1099 2172 1236 2203 23—24
1254 2169 1292 2202 in
1318 2170 1482 2203 rmarent

225 2218 304 2259 ΔΒ,
332 2226 421 2251 corr.
447 2216 505 2251 Ro
534 2217 547 2261 ΙΙ
577 2219 621 2251 26
655 2217 878 2261 propinquos
900 2219 927 2249 Β
957 2217 970 2260 ΙΙ
999 2218 1043 2249 28
1070 2215 1261 2250 summisse
1285 2217 1311 2248 Β
