1578 2470
193 95 277 138 328
671 96 965 139 QUINTILLANI

192 202 297 244 haec
346 203 489 245 omnia
537 202 665 244 simul
708 203 832 245 amisi
875 206 918 245 et
959 204 1102 246 omnia
1141 204 1247 247 haec
1293 204 1448 247 iniuria

192 261 327 303 amisi.
364 261 572 302 exercitus
601 275 668 302 me
693 262 964 316 expugnavit,
989 262 1099 304 sicut
1122 263 1271 305 urbem
1293 262 1447 304 hostis:

191 321 234 359 et
263 319 368 360 haec
397 321 490 372 ipsa
521 333 648 360 causa
673 319 778 361 satis
803 320 917 360 iusta
942 322 1034 361 erat
1057 315 1290 362 voluntatis
1317 335 1449 363 meae.

193 376 283 418 odit
314 391 380 418 me
413 377 633 430 exercitus,
663 391 762 430 pars
792 377 941 431 populi
974 377 1221 432 fortissima,
1250 392 1349 433 pars
1373 393 1447 444 P.⁰‘

146 443 166 474 5
192 434 282 487 puli
322 434 480 488 optime
517 434 568 477 de
599 449 643 476 re
673 435 845 489 publica
876 435 1044 488 merita3
1081 435 1147 477 illi
1176 436 1334 478 milites
1365 436 1447 478 vic-

192 496 326 545 tores,
362 492 428 534 illi
463 493 653 534 hostium
689 493 827 547 spolia
867 493 1096 535 referentes
1126 507 1212 535 non
1241 507 1308 535 me
1339 494 1447 536 occi-

190 549 360 603 derunt,
392 550 464 591 sed
495 551 654 592 liberos
685 565 819 592 meos:
852 553 959 617 puto
997 551 1093 592 illos
1130 551 1196 593 his
1234 552 1447 594 aetatibus

189 607 377 650 hostium
408 608 649 662 pepercisse
679 632 737 638 -
769 609 991 663 conjugem
1022 623 1177 650 meam.
1217 609 1292 651 illa
1321 609 1447 651 modo

189 666 303 707 victa
335 666 483 707 civitas
514 667 635 719 nihil,
667 666 779 720 quod
810 667 863 708 ad
888 667 1067 708 feminas
1095 667 1292 721 pertinet,
1320 681 1449 722 passa

122 733 164 765 10
190 726 255 765 est
291 726 461 778 praeter
498 724 804 778 captivitatem.
865 724 1037 766 domum
1081 739 1219 766 meam
1262 725 1449 767 incende-

188 783 306 823 runt:
347 784 465 824 stant
494 782 613 836 illae,
645 797 750 836 quas
781 782 970 823 vicimus.
1030 782 1135 824 illud
1164 785 1308 824 tamen
1337 783 1449 824 inter

188 840 332 881 omnia
362 840 663 894 gravissimum
694 842 775 882 est:
814 854 910 882 cum
946 840 1050 882 haec
1079 840 1269 894 fecerint,
1306 840 1448 882 existi-

187 901 307 939 mant
339 912 382 939 se
412 898 502 939 iure
534 898 695 940 fecisse.

277 955 469 1011 „Omnia,
498 956 649 1010 inquit,
679 956 784 998 haec
814 958 857 997 et
887 968 967 1010 ego
997 970 1148 1010 passus
1180 954 1309 997 sum.“
1346 955 1447 1008 scio,

120 1023 161 1054 15
187 1027 269 1066 quo
301 1013 528 1068 pertineat:
559 1016 608 1055 ut
631 1014 777 1055 videar
807 1027 885 1068 ego
916 1013 1068 1055 merito
1100 1027 1265 1067 passus,
1307 1015 1373 1055 est
1404 1015 1448 1055 et

186 1070 291 1112 haec
323 1085 450 1112 causa
480 1071 705 1123 moriendi,
738 1071 774 1113 si
804 1073 974 1113 tantum
1004 1072 1192 1125 peccavi,
1229 1071 1265 1112 si
1297 1085 1346 1112 eo
1379 1085 1447 1112 me

186 1129 356 1170 deduxit
387 1144 521 1183 error,
558 1132 606 1170 ut
642 1130 755 1170 filios
792 1143 909 1170 meos
940 1129 1186 1171 occiderem.
1247 1130 1447 1170 confiten-

186 1187 286 1228 dum
330 1189 396 1228 est
445 1187 495 1228 de
543 1187 624 1228 hac
674 1187 930 1242 gravissima
972 1187 1231 1228 calamitate:
1275 1186 1447 1228 domum

185 1259 322 1286 meam
334 1245 521 1287 incendit
535 1245 754 1297 exercitus,
769 1245 951 1298 populus
962 1258 1047 1286 non
1060 1244 1260 1286 defendit.
1279 1244 1449 1299 „omnia

117 1313 161 1345 20
186 1307 331 1344 tamen
361 1303 507 1344 eadem
539 1305 582 1344 et
613 1316 691 1357 ego
722 1317 873 1356 passus
905 1301 1034 1344 sum.“
1096 1302 1277 1343 Possum
1307 1302 1448 1344 dicere

184 1360 266 1402 hoc
289 1363 476 1403 tantum:
507 1360 616 1402 ferre
638 1361 792 1412 fortius
817 1363 952 1414 potes,
976 1360 1172 1414 gratulor
1194 1360 1335 1402 animo
1359 1362 1448 1402 tuo.

185 1418 258 1459 sed
299 1433 352 1460 ne
389 1419 546 1460 mirum
584 1419 754 1473 quidem
791 1421 874 1471 est,
915 1418 1026 1472 quod
1065 1421 1113 1460 tu
1149 1417 1258 1459 ferre
1291 1418 1447 1470 fortius

183 1478 317 1530 potes,
376 1477 564 1531 locuples
609 1491 664 1518 es.
725 1476 825 1531 quid
860 1477 1031 1530 horum,
1069 1490 1175 1531 quae
1213 1475 1447 1530 perdidisti,

184 1548 441 1589 magnopere
478 1534 719 1576 desideras?
762 1535 945 1588 domum,
981 1534 1141 1588 opinor,
1184 1531 1301 1587 (hinc-
1332 1533 1446 1574 enim

114 1602 157 1632 25
183 1592 405 1647 incipiam)
447 1593 685 1646 perdidisti:
728 1592 875 1634 infelix
918 1606 1004 1633 non
1046 1591 1223 1633 habebis
1266 1593 1446 1644 tectum,

183 1650 295 1704 quod
321 1651 505 1692 subeas?
535 1652 580 1692 in
599 1650 769 1704 publico
794 1650 876 1691 tibi
902 1649 1157 1691 manendum
1183 1652 1267 1702 est,
1297 1651 1340 1690 et
1365 1649 1446 1691 sub

183 1708 330 1750 caelo?
355 1708 538 1750 fortasse
562 1708 690 1749 etiam
715 1708 974 1749 contulerint
997 1708 1080 1748 ista
1102 1707 1359 1749 detrimenta
1377 1706 1445 1748 de-

181 1765 290 1807 liciis
309 1766 414 1808 tuis:
438 1766 634 1808 novimus
656 1766 820 1807 animos
841 1768 1018 1818 vestros,
1044 1765 1237 1806 novimus
1259 1763 1446 1806 fastidia.

183 1823 220 1864 si
244 1838 332 1866 non
358 1827 471 1867 esset
490 1824 663 1866 incensa
687 1824 847 1877 domus,
874 1823 1050 1864 subinde
1070 1823 1246 1876 diruere,
1269 1821 1446 1864 subinde

114 1891 158 1923 30
186 1884 351 1923 mutare
394 1897 470 1924 vos
513 1882 632 1923 iuvat
668 1884 711 1923 et
747 1881 908 1936 aliquid
944 1881 1107 1922 scilicet
1147 1880 1447 1934 experimentis

276 2011 295 2041 2
322 2008 446 2042 hostes
473 2010 499 2040 B
526 2009 538 2052 ΙΙ
565 2011 585 2042 3
611 2006 704 2042 haec
729 2017 794 2042 om.
820 2007 915 2051 13117
940 2008 1031 2051 puta
1055 2009 1170 2039 AB—
1181 2009 1207 2039 P
1224 2005 1236 2049 ΙΙ
1256 2009 1326 2040 7-
1335 2009 1356 2040 8
1380 2004 1445 2040 lib.

182 2065 284 2088 meos
310 2054 532 2099 <coniugem
557 2065 603 2088 m.
609 2053 650 2100 >z
675 2055 767 2098 puto
793 2057 854 2089 ete.
870 2073 910 2078 -
934 2053 1141 2097 pepercisse
1168 2052 1263 2097 [con.
1288 2051 1353 2104 111.]
1378 2051 1446 2086 illa

180 2101 290 2135 modo
315 2105 377 2135 etc.
403 2101 480 2136 edd.
502 2101 547 2135 ab
566 2101 779 2135 Aerodiana
797 2101 809 2144 ΙΙ
829 2103 849 2134 9
875 2099 972 2143 quod
997 2099 1189 2134 afferamus
1213 2097 1375 2142 pertinet
1397 2097 1436 2142 B}

183 2150 226 2181 10
253 2146 452 2181 *incendit
476 2150 541 2180 AB
561 2148 572 2192 ΙΙ
594 2150 633 2181 11
660 2146 747 2180 illae
772 2156 837 2181 om.
864 2149 890 2179 B
909 2147 920 2190 ΙΙ
942 2150 983 2181 19
1006 2145 1103 2181 omni
1121 2148 1150 2178 Δ
1169 2146 1180 2189 ΙΙ
1198 2147 1242 2178 21
1268 2145 1386 2179 tame
1398 2146 1436 2189 Pl

182 2197 224 2228 21
252 2192 375 2237 potius
400 2196 485 2234 AB,
511 2204 600 2229 corr.
626 2193 689 2227 Bu
719 2194 730 2237 ss
761 2196 804 2227 22
831 2192 895 2227 sed
919 2191 1091 2226 nimirum
1118 2195 1147 2224 A
1177 2192 1189 2235 ῃ
1219 2190 1341 2235 potius
1366 2192 1445 2235 AB,

182 2250 272 2275 cor.r
299 2240 454 2284 Bu1129
484 2246 523 2275 Ν
553 2242 582 2273 A
