1604 2488
150 757 193 788 10

152 1046 193 1076 15

149 1336 194 1367 20

153 1625 197 1657 25

155 1916 198 1947 30

221 118 243 159 l
251 118 304 159 16
693 117 996 161 QUINTILIANI

214 224 328 266 fessa
353 227 428 279 est,
459 240 555 267 cum
580 226 860 280 torqueretur.
891 224 964 266 ubi
988 227 1160 267 tantum·
1176 226 1307 268 robur
1326 225 1473 279 animi,

214 283 289 324 ubi
319 285 409 324 tam
439 283 606 325 firmam
638 283 900 337 solidamque
931 285 1129 338 mentem,
1159 298 1265 338 quae
1287 297 1375 326 non
1402 283 1473 325 do·

214 341 304 382 lore
341 341 554 395 vincatur,
592 355 678 383 non
714 341 886 395 ignibus
923 341 1063 392 cedat,
1101 355 1189 383 non
1225 341 1471 383 verberibus

218 399 501 454 ingemiscat?
526 399 636 441 hanc
658 414 757 441 vero
778 399 882 440 satis
908 398 1078 441 fortiter
1102 413 1151 441 ac
1175 413 1304 453 supra
1329 413 1473 441 sexum

219 471 342 498 suum
372 457 523 499 fecisse
553 457 690 510 credo,
721 457 834 511 quod
857 456 966 498 nihil
991 456 1107 511 dixit,
1137 459 1364 512 antequam
1387 459 1474 499 tor-

218 516 425 568 queretur.
465 516 511 556 in
541 515 607 556 his
638 517 784 557 tamen
813 515 1153 570 necessitatibus,
1182 515 1228 556 in
1258 514 1326 556 his
1351 515 1474 556 malis

215 586 319 613 num
351 572 661 615 demonstravit
698 573 856 627 aditus,
894 573 1045 627 quibus
1081 573 1126 614 in
1154 573 1303 615 urbem
1334 573 1475 615 venire

215 631 421 684 possent?
482 646 585 672 num
622 632 844 685 proposita
894 633 1061 685 nostra,
1112 645 1213 672 num
1265 631 1476 673 occultam

216 688 403 730 civitatis
455 690 718 731 voluntatem
766 689 995 743 patefecit?
1052 703 1146 730 cum
1195 690 1475 743 torqueretur,

217 746 381 788 minata
412 749 486 788 est.

304 804 389 858 „At
419 819 622 859 oppressa
654 807 753 846 sunt
789 805 947 847 auxilia
984 819 1009 846 a
1046 804 1171 846 sociis
1203 802 1370 846 missa.“
1431 802 1477 845 Si

217 862 372 904 damna
409 863 617 904 bellorum
655 863 806 904 deflere
837 863 924 917 hic,
961 862 1139 917 iudices,
1175 865 1316 905 vacat:
1353 861 1478 916 plura

215 919 493 975 perdidimus3
532 924 574 962 et
610 921 743 963 aciem
779 921 917 975 illam,
954 935 1061 975 quae
1093 921 1202 962 circa
1231 920 1368 962 filium
1399 919 1476 960 mi-

219 991 336 1019 serae
373 978 498 1020 huius
535 979 661 1020 iacet:
698 981 765 1020 tot
802 978 1026 1020 fortissimi
1065 978 1177 1020 cives
1207 978 1347 1020 nostri
1377 977 1478 1019 ceci-

219 1035 381 1077 derunt.
431 1037 467 1078 si
498 1051 598 1078 vero
629 1037 696 1078 lex
726 1037 812 1077 ista
836 1037 936 1078 belli
963 1039 1040 1090 est,
1072 1036 1108 1078 si
1132 1036 1252 1078 nulla
1275 1049 1477 1089 umquam

218 1095 306 1135 tam
345 1094 567 1136 incruenta
602 1094 781 1136 victoria
817 1094 1014 1148 contigit,
1051 1108 1159 1148 quae
1187 1107 1273 1135 non
1303 1093 1479 1134 haberet

220 1151 407 1206 aliquam
432 1152 638 1194 tristitiae
662 1152 1018 1194 recordationem:
1043 1151 1315 1205 pensavimus
1335 1150 1480 1192 omnia

219 1210 304 1250 ista
333 1210 513 1252 victoria
541 1214 693 1264 εεαιύας
723 1212 772 1251 ut
796 1210 933 1264 possit
950 1209 1083 1251 videri
1109 1209 1302 1251 secundis
1328 1208 1478 1250 omini·

219 1267 299 1308 bus
337 1269 382 1309 et
420 1268 601 1322 quadam
637 1268 907 1322 providentia
936 1282 1014 1321 pro
1044 1267 1167 1309 nobis
1198 1267 1372 1308 deorum
1402 1265 1479 1307 im-

220 1325 466 1367 mortalium
503 1326 681 1380 factum,
718 1327 766 1367 ut
803 1326 908 1367 haec
944 1327 1176 1380 caperetur.
1247 1325 1480 1366 intrassent

221 1383 440 1425 civitatem
465 1384 629 1437 hostes3
659 1384 786 1426 nobis
812 1386 855 1425 et
880 1397 1027 1425 somno
1053 1383 1232 1437 sepultis
1258 1385 1301 1424 et
1326 1381 1481 1424 securis

222 1442 275 1483 ab
303 1442 418 1483 omni
447 1443 710 1497 cogitatione
738 1442 948 1483 bellorum
973 1443 1090 1483 totus
1116 1441 1256 1482 subito
1281 1441 1327 1481 in
1351 1440 1480 1481 visce-

220 1499 338 1541 ribus
376 1500 509 1554 ipsius
548 1501 667 1542 urbis
706 1499 936 1554 hosti<li>s
976 1499 1243 1553 apparuisset
1273 1498 1479 1539 exercitus

220 1571 298 1599 nec
339 1558 456 1611 prius
501 1558 694 1612 desisset,
739 1572 864 1611 quam
908 1557 1166 1612 incenderet,
1208 1557 1480 1610 opprimeret,

224 1614 439 1668 diriperet.

307 1671 403 1727 Hic,
435 1673 471 1715 si
496 1673 648 1727 placet,
679 1672 861 1714 feminae
887 1673 1076 1713 animum
1102 1674 1146 1714 et
1170 1673 1214 1714 in
1239 1670 1481 1725 amore<m>

220 1731 383 1785 patriae
427 1731 674 1785 adsumptas
718 1730 885 1784 culpate
927 1730 1050 1772 vires.
1115 1730 1312 1771 discussit
1362 1729 1481 1782 <vin-

222 1788 364 1842 cula:>
415 1789 584 1830 vincula
626 1789 719 1842 illa,
769 1803 876 1842 quae
929 1786 995 1843 (ut
1037 1788 1282 1842 parcissime
1326 1785 1482 1842 dicam)

223 1846 359 1888 hostis
391 1847 651 1901 inposuerat,
681 1846 853 1900 femina,
885 1860 1003 1900 anus,
1032 1848 1148 1887 torta
1178 1845 1304 1899 rupit.
1356 1859 1483 1900 quae-

224 1905 331 1958 ritis,
362 1919 443 1959 quo
471 1905 611 1947 animo
637 1904 813 1946 fecerit?
845 1904 1042 1959 cogitate,
1072 1903 1171 1958 quid
1196 1917 1374 1958 passura
1397 1902 1483 1944 fue-

225 1963 284 2004 rit
309 1963 591 2017 deprehensa:
621 1965 737 2004 torta
763 1965 839 2017 est,
871 1964 1100 2015 antequam
1125 1961 1365 2004 offenderet.
1408 1961 1484 2002 ite·

318 2080 338 2111 8
371 2077 609 2122 proposita
639 2080 668 2110 Δ
703 2078 715 2122 ΙΙ
754 2080 795 2112 18
826 2075 926 2111 *ista
955 2075 1110 2111 victoria
1139 2085 1267 2110 recuso
1298 2075 1340 2109 ut
1369 2073 1484 2119 possit

227 2126 301 2166 AB,
326 2123 397 2158 isto
423 2124 561 2159 victore
586 2125 709 2158 retuso
738 2122 821 2166 Obr,
845 2123 916 2157 ista
941 2121 1112 2156 victoria:
1137 2121 1271 2156 rectius
1290 2122 1332 2155 ut
1351 2133 1385 2165 p.
1405 2120 1486 2165 Ro!

224 2169 434 2205 hominibus
458 2173 484 2203 Β
504 2172 578 2216 {121
605 2169 800 2204 securitate
825 2172 897 2213 AB,
924 2179 1014 2204 corr.
1038 2171 1132 2203 auct.
1157 2168 1280 2202 incert.
1307 2178 1365 2211 ap.
1392 2167 1484 2213 Aer!

225 2220 270 2251 23
296 2215 496 2264 hosti<li>s
523 2217 577 2251 Gr
595 2218 606 2262 ΙΙ
632 2220 677 2250 24
702 2215 853 2251 desiiset
876 2219 903 2249 B
921 2216 934 2261 ΙΙ
952 2214 1041 2258 quin
1065 2214 1133 2248 inc.
1159 2217 1184 2247 P
1209 2214 1213 2257 Ι
1233 2216 1277 2248 25
1302 2214 1486 2258 deperiret

225 2266 289 2307 Aa,
316 2262 499 2308 deriperet
523 2266 574 2297 Ab
593 2265 667 2307 1126
694 2262 909 2310 amore<m>
927 2263 939 2306 ΙΙ
959 2265 1002 2296 27
1027 2259 1199 2307 <vincula
1252 2259 1310 2295 Ro
