1604 2488
243 92 325 134 162
717 92 1016 136 QUINTILIANI

240 213 366 253 quam
405 198 473 240 hic
506 198 555 240 de
587 199 723 252 capite
754 201 994 254 quaeratur.
1053 213 1136 241 non
1169 199 1327 243 sufficit
1357 200 1493 243 dolori

237 271 349 311 meo,
387 257 498 310 quod
536 257 641 298 mihi
679 257 814 299 filium
853 257 1086 312 abstulisti,
1117 258 1189 312 qui
1225 258 1305 300 tibi
1336 258 1492 312 adsedi,

238 315 311 368 qui
355 314 407 356 ad
445 315 718 370 languentem
757 330 851 357 cum
888 315 1028 370 gladio
1073 315 1280 358 sollicitus
1323 316 1495 358 intravi.

239 386 318 426 ego
358 372 527 414 eosdem
566 372 683 414 cibos
733 373 877 415 eadem
916 386 1080 427 mensa,
1123 387 1206 427 qua
1234 376 1300 428 tu,
1343 388 1492 428 capere

191 441 211 472 5
237 444 324 471 non
354 444 539 484 possum,
568 444 646 472 nec
674 431 792 472 illam
823 445 994 472 manum
1019 430 1170 486 videre,
1201 445 1306 486 quae
1330 431 1494 473 fumare

237 488 344 529 mihi
375 488 509 530 adhuc
539 488 618 530 filii
647 489 731 530 mei
760 489 964 543 sanguine
988 488 1165 530 videtur.
1197 503 1360 544 semper
1384 490 1494 531 mihi

238 548 426 588 armatus
456 546 631 600 videris,
667 561 895 601 numquam
927 546 1042 588 solus
1073 547 1267 589 occurris.
1325 547 1362 589 it
1391 550 1491 589 ante

239 604 384 646 oculos
427 604 639 646 laceratus
679 605 810 658 filius,
852 604 966 646 hunc
1003 604 1122 646 iuxta
1156 618 1287 646 nurus
1318 606 1493 660 optima,

237 676 368 703 nurus
401 662 800 716 obsequentissima3
844 662 1026 704 clamare
1057 662 1270 704 videntum
1306 665 1381 704 »tu
1412 677 1490 704 nos

167 730 211 761 10
239 719 444 774 occidisti,
475 723 535 773 tu,
567 720 637 774 qui
668 735 746 762 nos
777 719 931 761 iniuria
954 720 1072 774 prius
1098 720 1344 762 distraxisti.
1391 721 1491 775 quid

235 791 406 819 11000000
445 780 536 819 erat
574 779 737 820 solvere
774 778 1124 819 matrimonium?
1173 778 1395 832 obreptum
1426 781 1492 820 est

235 835 475 877 credulitati
505 838 621 877 tuae:
656 850 742 877 non
774 836 958 890 amabat,
989 835 1059 890 qui
1091 836 1234 891 potuit
1263 835 1492 878 occidere«

748 961 970 1004 CCXGII.

475 1042 718 1095 -Laqueiis
750 1042 966 1095 Olynthii
997 1042 1210 1096 speciosi.

162 1134 205 1165 15
230 1123 368 1165 Victis
390 1123 602 1178 Olynthiis
635 1139 729 1165 011111
761 1125 813 1166 ab
833 1124 1166 1165 Atheniensibus
1192 1124 1360 1177 publice
1386 1124 1488 1166 divi-

349 1182 546 1223 derentur
582 1182 789 1236 hospitia,
827 1182 1017 1235 specioso
1052 1195 1182 1235 puero
1214 1181 1384 1235 quidam
1416 1182 1490 1223 ob-

349 1239 452 1280 tulit
481 1239 726 1293 hospitium.
777 1239 849 1281 ille
882 1254 925 1280 se
955 1242 1128 1293 postero
1160 1239 1227 1280 die
1259 1239 1490 1293 suspendit.

353 1300 574 1339 accusatur
603 1297 772 1351 hospes,
805 1297 916 1352 quod
948 1311 1075 1338 causa
1105 1297 1255 1339 mortis
1285 1297 1425 1338 fuerit.

743 1409 967 1455 SERMO.

159 1503 203 1534 20
318 1493 487 1547 Duplex
520 1494 711 1548 quaestio
739 1496 814 1547 est,
844 1493 948 1535 iuris
974 1495 1016 1534 et
1039 1493 1154 1535 facti.
1195 1507 1295 1534 nam
1320 1493 1488 1534 etiamsi

229 1551 293 1592 vis
337 1551 474 1592 inlata
518 1555 599 1605 est,
649 1552 882 1606 quaeritur:
941 1566 994 1592 an
1038 1565 1165 1592 causa
1207 1551 1358 1592 mortis
1404 1550 1492 1592 sit?

230 1623 410 1663 sequens
441 1609 600 1663 potior:
633 1623 687 1650 an
717 1611 892 1663 propter
917 1609 1004 1650 vim
1034 1608 1237 1662 perierit?
1281 1608 1391 1650 circa
1421 1608 1489 1649 ius

229 1666 336 1707 illud
367 1669 442 1720 est,
473 1670 521 1708 ut
544 1667 736 1708 finitione
761 1668 980 1708 tractetur.
1024 1666 1061 1706 is
1088 1666 1200 1707 enim
1225 1680 1351 1708 causa
1375 1679 1486 1707 mor-

228 1725 285 1765 tis
318 1724 439 1779 argui
471 1725 606 1778 debet,
638 1725 710 1779 qui
741 1726 921 1766 mortem
953 1723 1110 1765 intulit.
1142 1738 1236 1764 cum
1267 1737 1368 1764 vero
1393 1723 1485 1777 quis

156 1792 200 1824 25
229 1797 306 1824 sua
343 1797 469 1824 manu
499 1783 691 1836 perierit,
726 1797 813 1823 non
844 1782 967 1823 debet
995 1781 1077 1823 hoe
1106 1795 1200 1822 reus
1231 1783 1398 1822 tantum
1428 1779 1487 1821 fe-

228 1840 350 1894 cisse,
380 1842 429 1881 ut
461 1841 553 1894 quis
586 1841 695 1883 mori
726 1839 840 1894 velit,
873 1839 945 1882 sed
975 1841 1024 1880 ut
1053 1853 1226 1881 necesse
1255 1838 1424 1880 habeat.

321 1957 339 1987 1
366 1952 426 1987 hic
451 1963 515 1988 om.
542 1955 568 1985 B
587 1954 599 1997 ΙΙ
618 1952 757 1987 feratur
775 1954 801 1985 Β
820 1952 832 1996 ΙΙ
850 1950 1002 1986 suffucit
1019 1953 1072 1984 Aa
1090 1951 1101 1994 ΙΙ
1119 1954 1142 1984 4
1162 1950 1273 1995 cybos
1287 1952 1314 1983 B
1332 1950 1344 1994 ΙΙ
1363 1953 1383 1984 5
1401 1950 1484 1995 1100]

225 2011 270 2034 110
289 2002 315 2032 Β
334 2001 346 2043 n
366 2003 468 2034 7—8
492 1998 629 2034 videris
654 2011 688 2034 n.
715 2010 741 2033 0.
767 2010 798 2034 ο.
825 1999 847 2034 1.
874 2009 905 2032 a.
933 2008 964 2033 0.
1002 1997 1182 2032 laceratus
1206 2006 1271 2031 om.
1296 1999 1322 2029 P
1340 1998 1352 2040 ΙΙ
1370 1999 1486 2030 9-—12

225 2046 351 2081 melius
377 2046 446 2081 »tu
471 2049 532 2080 etc.
560 2044 773 2080 distraxisti.
783 2055 803 2080 «
831 2044 920 2088 quid
943 2055 978 2078 n.
993 2054 1023 2078 e.
1039 2055 1063 2078 s.
1078 2046 1143 2076 m‘?
1168 2054 1199 2077 ο.
1221 2053 1250 2076 0.
1276 2041 1486 2076 crudelitati

226 2103 329 2127 meae
354 2096 415 2126 ete.
442 2095 518 2135 (sec.
546 2091 628 2135 Sch)
653 2092 666 2135 ΙΙ
691 2094 731 2125 11
762 2097 802 2126 Ν
830 2094 859 2123 A
878 2091 889 2134 ss
910 2094 951 2124 12
978 2088 1191 2124 crudelitati
1213 2090 1240 2121 B
1259 2089 1271 2132 ΙΙ
1291 2091 1333 2122 13
1359 2086 1484 2123 CCXII

225 2141 252 2171 B
271 2139 283 2182 ΙΙ
304 2142 347 2172 14
375 2137 508 2182 Olyndi
533 2141 603 2179 Aa,
631 2136 797 2181 Olynthii
821 2139 891 2181 Ab,
919 2135 1072 2171 Olinthii
1096 2138 1122 2168 B
1141 2137 1154 2179 ss
1174 2139 1216 2169 15
1242 2133 1402 2185 Olinthis
1421 2138 1486 2177 Aa,

228 2184 370 2228 Olyntis
395 2187 463 2228 Ab,
491 2183 665 2218 Olinthiis
691 2186 718 2216 B
737 2185 748 2227 ΙΙ
766 2183 910 2226 poblice
936 2185 988 2216 Aa
1006 2183 1017 2227 ΙΙ
1043 2185 1086 2216 24
1112 2180 1196 2226 agui
1221 2183 1250 2213 A
1267 2181 1280 2225 ΙΙ
1299 2180 1396 2225 quis]
1423 2179 1486 2224 qui

226 2234 252 2264 B
272 2231 284 2275 ΙΙ
303 2235 346 2266 25
374 2230 535 2265 habebat
560 2233 622 2263 AB
