1578 2470
113 832 154 862 10

111 1121 153 1152 15

108 1412 154 1443 20

107 1701 152 1733 25

187 113 272 154 374
660 115 962 157 QUINTILIANI

184 234 271 262 non
301 235 426 275 posse
458 221 607 275 curari,
638 223 686 262 ut
709 235 762 263 ne
786 222 891 263 illud
917 223 1086 276 quidem
1105 223 1240 266 adhuc
1258 224 1438 267 inveniri

183 278 382 331 potuerit,
414 293 520 333 quae
546 293 672 320 causa
697 279 855 321 faceret
881 279 1148 336 dementiam,
1173 282 1247 324 ubi
1271 283 1436 324 animus

183 335 451 378 consisteret:
495 337 687 390 profecto
730 352 817 379 non
855 338 1012 390 poterit
1047 338 1181 381 videri
1217 339 1439 395 dementia,

186 408 293 447 quae
326 396 392 435 est
421 394 466 436 in
497 395 682 436 hominis
713 398 940 450 potestate.

582 510 665 552 DE
678 509 1020 553 CLAMATIO.

298 589 341 632 Si
374 594 570 633 exoratus
601 591 732 644 fuero,
764 592 911 632 statim
937 606 1022 634 non
1047 593 1174 635 modo
1199 607 1338 648 sanus,
1368 610 1437 637 ve-

181 663 278 688 rum
310 649 440 689 etiam
471 650 606 690 bonus
638 652 761 702 pater
786 651 829 690 et
854 650 1079 704 indulgens
1106 665 1189 694 ero.
1226 652 1291 694 vis
1317 653 1437 706 scire,

180 706 259 759 fili,
303 706 403 760 quid
440 708 495 748 sit
526 706 767 748 dementia?
812 708 1015 749 deducere
1053 723 1097 750 se
1127 709 1172 750 in
1203 710 1436 763 periculum

182 764 333 817 capitis
383 765 641 818 cupiditate3
697 779 779 806 non
828 765 1079 821 intellegere
1128 781 1299 822 pacem3
1353 783 1438 810 non

181 823 429 876 intellegere
473 823 608 878 leges:
654 825 697 863 et
737 823 772 863 si
810 823 909 877 quid
941 839 1069 878 supra
1099 824 1199 866 haec
1235 827 1439 868 momenti

180 880 289 922 forte
318 883 441 922 etiam
472 895 671 934 praesens
703 881 904 922 iudicium
935 882 1078 936 habet,
1108 897 1303 925 accusare
1332 899 1439 937 eum,

180 939 252 992 qui
283 939 518 980 exorandus
557 939 625 980 sit.
691 953 777 980 non
814 943 878 980 est
914 940 1047 994 igitur
1083 940 1314 995 dementia3
1359 956 1438 984 nec

179 996 312 1037 refert
343 997 394 1037 ad
426 1010 627 1050 praesens
658 997 859 1037 iudicium
889 1012 1023 1052 neque
1056 998 1109 1039 ad
1133 1002 1318 1040 vestram
1343 1014 1438 1053 pro-

177 1055 505 1108 nuntiationem,
539 1069 592 1095 an
624 1068 702 1108 ego
734 1055 860 1096 durus
893 1059 1024 1108 pater,
1063 1070 1116 1096 an
1149 1069 1228 1110 ego
1259 1057 1437 1098 nimium

178 1126 362 1154 severus.
404 1127 491 1154 non
523 1112 572 1153 de
604 1111 686 1153 hoc
716 1113 950 1166 quaeritur:
983 1114 1088 1154 satis
1121 1116 1197 1167 est,
1227 1129 1314 1156 non
1346 1129 1437 1156 esse

179 1170 403 1211 furiosum.

266 1227 390 1283 „Non
415 1231 621 1281 exoro'te,
653 1228 802 1281 inquit,
821 1242 915 1269 cum
941 1229 1192 1282 rapuerim.“
1233 1229 1438 1272 Miraris?

178 1286 259 1327 hoc
304 1286 415 1327 enim
454 1289 534 1339 est,
579 1286 690 1340 quod
729 1288 773 1327 te
814 1286 858 1326 in
900 1286 981 1327 hoc
1023 1286 1259 1340 impulerit:
1303 1287 1438 1330 adhuc

179 1344 279 1398 quid
321 1344 472 1385 feceris
516 1344 664 1385 nescis.
732 1359 817 1386 non
861 1344 954 1385 dico
980 1344 1071 1398 illa,
1116 1359 1222 1398 quae
1253 1345 1437 1387 fortasse

180 1402 262 1444 tibi
292 1402 451 1443 leviora
483 1402 715 1454 videantur,
747 1415 996 1456 quamquam
1022 1402 1075 1443 ad
1100 1403 1321 1444 materiam
1346 1417 1436 1457 per-

177 1460 334 1501 tinent:
380 1460 632 1514 expugnasti
670 1460 842 1502 domum
879 1463 921 1501 et
958 1460 1138 1514 virginis
1169 1463 1436 1514 praetextam

181 1518 342 1560 scidisti
374 1521 417 1559 et
446 1518 633 1572 puellam
663 1532 797 1572 usque
828 1518 874 1558 in
905 1532 998 1559 eam
1026 1518 1226 1560 iniuriam
1249 1519 1435 1573 traxisti,

177 1590 261 1630 qua
295 1576 403 1617 nihil
441 1577 611 1630 gravius
649 1576 764 1617 bella
799 1575 969 1617 habent.
1029 1578 1094 1630 tu,
1133 1577 1204 1630 qui
1242 1577 1288 1618 in
1322 1577 1364 1618 id
1394 1580 1437 1618 te

179 1634 413 1687 periculum
444 1634 670 1686 demisisti,
701 1637 749 1675 ut
779 1634 861 1675 tibi
887 1634 1123 1675 exorandus
1159 1636 1270 1676 esset
1303 1638 1439 1689 pater,

179 1692 365 1745 miraris,
407 1691 518 1744 quod
555 1705 640 1732 non
680 1692 863 1732 exorasti
900 1692 1095 1744 patrem?
1150 1693 1185 1733 si
1214 1692 1436 1734 incidisses

178 1750 223 1790 in
249 1749 346 1790 illos
371 1749 632 1790 felicioribus
653 1749 831 1790 saeculis
851 1751 987 1801 natos,
1007 1763 1102 1790 cum
1128 1750 1279 1803 quibus
1298 1751 1435 1791 virtus

178 1807 316 1862 magis
349 1821 570 1857 commune
602 1807 760 1848 bonum
791 1809 898 1859 erat,
934 1821 1021 1848 non
1055 1810 1346 1861 expectassent
1377 1808 1435 1849 le-

178 1880 286 1920 gem,
316 1879 403 1907 non
433 1867 726 1919 expectassent
756 1864 1016 1906 tricesimum
1055 1864 1176 1906 diem.
1233 1879 1343 1907 nunc
1368 1880 1435 1907 me

227 1983 246 2013 2
275 1990 385 2014 causa
410 1989 474 2014 om.
500 1982 526 2012 Β
547 1981 558 2024 {l
585 1983 605 2014 3
631 1979 778 2023 poterat
801 1981 827 2012 Β
845 1980 857 2022 n
882 1983 900 2013 7
927 1978 1057 2012 scirem
1082 1982 1134 2012 Aa
1150 1979 1162 2022 ss
1180 1982 1200 2014 8
1227 1989 1264 2014 se
1288 1989 1354 2014 om.
1379 1982 1406 2013 B
1425 1980 1435 2025 l}

178 2030 197 2060 9
224 2026 463 2070 cupiditatem
490 2029 519 2059 A
537 2027 549 2069 ΙΙ
576 2030 618 2060 10
644 2037 681 2059 se
707 2028 737 2058 A
755 2027 766 2070 Η
794 2025 864 2059 hoc
889 2028 965 2068 AB,
992 2036 1081 2060 corr.
1107 2025 1164 2060 Ro
1182 2027 1194 2070 ΙΙ
1221 2029 1259 2060 11
1287 2026 1435 2060 fortuna

177 2083 347 2116 praesens
372 2072 547 2106 iudicium
573 2075 649 2115 AB,
676 2082 765 2106 corr.
791 2071 871 2114 Ro,·
895 2070 1052 2106 formula
1079 2070 1278 2117 praesentis
1309 2071 1434 2106 iudicii

176 2118 249 2154 Sch
267 2121 279 2163 ΙΙ
301 2123 341 2153 12
369 2119 551 2154 exorando
576 2122 677 2152 B-P
695 2119 707 2162 ΙΙ
728 2122 770 2152 13
793 2119 830 2152 te
856 2118 928 2152 fert
951 2121 977 2151 Β
996 2119 1007 2162 ΙΙ
1030 2121 1070 2152 18
1097 2119 1151 2152 est
1175 2118 1272 2152 enim
1294 2120 1322 2151 Β
1340 2118 1352 2162 ΙΙ
1369 2117 1435 2152 im-

176 2164 329 2210 pulserit
352 2168 378 2198 B
409 2166 421 2210 ss
455 2169 496 2199 19
523 2165 642 2200 dicam
667 2168 693 2198 Β
724 2165 735 2208 ss
767 2168 811 2199 20
836 2165 1006 2198 videntur
1030 2167 1056 2197 B
1087 2165 1100 2209 [Ι
1124 2175 1217 2208 quae
1241 2166 1316 2206 AB,
1343 2175 1432 2199 corr.

176 2212 234 2246 Ro
255 2212 268 2255 ΙΙ
291 2215 334 2246 23
362 2223 471 2256 quam
497 2215 525 2244 A
550 2212 561 2255 ΙΙ
586 2215 629 2245 24
656 2211 828 2245 dimisisti
851 2213 913 2244 AB
938 2212 951 2254 ss
979 2214 1022 2245 28
1047 2211 1275 2255 trigesimum
1299 2213 1326 2244 B
1345 2212 1357 2255 11
1376 2221 1433 2244 me

176 2269 242 2293 om.
267 2260 294 2291 Β
