1578 2470
449 118 879 156 DECLAMATIONES.
906 118 1123 155 CCCXLIII.
1354 120 1442 162 355

151 243 262 283 csse,
305 230 355 270 ut
390 228 482 271 filia
518 230 594 271 tua
630 230 866 284 raperetur.
933 228 1016 271 hoc
1060 229 1217 284 quibus
1256 229 1444 284 colligo?

149 289 296 345 rapuit
336 302 431 330 eam
475 288 548 344 qui
585 302 671 331 non
709 288 897 330 amabat.
957 288 1134 343 petierit
1177 289 1291 331 enim
1323 303 1444 331 sane:

150 363 241 391 non
271 347 470 403 redemit;
505 348 584 390 sub
619 347 869 390 condicione
900 347 982 390 hac
1013 362 1101 390 non
1130 348 1331 403 redemit3
1365 363 1441 390 cur

151 407 315 450 diutius
341 407 518 450 moror?
555 422 628 449 -ε
659 407 767 449 1111111
793 407 934 449 cessit.
978 421 1067 450 non
1093 410 1160 450 est
1187 421 1303 463 ergo,
1329 407 1444 463 quod

150 467 276 510 illum
314 466 555 522 cupiditate
594 467 813 522 inpulsum
850 470 994 522 putes:
1036 481 1181 509 carcre
1213 467 1290 508 illa
1322 470 1443 522 pote·
1470 478 1490 509 5

150 529 233 570 rat.
295 526 455 582 adicio,
491 541 579 569 non
609 526 743 568 fuisse
774 526 899 568 illum
930 528 1176 582 rapturum,
1207 527 1294 568 nisi
1326 541 1444 569 secu-

151 601 261 629 rum.
323 586 436 628 nihil
477 586 633 642 loquor
677 585 727 628 de
773 586 918 640 patria
956 586 1206 642 severitate,
1243 586 1354 628 nihil
1393 586 1445 628 de

151 645 261 702 lege,
294 660 403 701 quae
434 660 514 700 pro
547 645 755 700 pudicitia
785 645 991 700 minatur,
1024 660 1133 700 quae
1165 648 1350 688 mortem
1377 645 1446 688 de-

150 705 338 748 nuntiat.
418 704 492 747 ille
545 705 763 760 rapuisset
804 705 995 760 puellam
1045 705 1120 747 alii
1170 705 1445 759 destinatam,

154 765 230 807 alii
261 766 449 819 pactam,
479 764 565 807 nisi
590 764 749 807 fiducia
773 764 868 806 tui?
900 779 988 807 non
1015 767 1082 806 est
1108 764 1324 807 credibile.
1363 763 1446 807 Sed
1474 776 1517 808 10

151 838 205 866 ne
246 823 357 866 illud
389 823 561 879 quidem
595 823 798 866 credibile
831 826 914 879 est,
950 823 1086 866 filiam
1116 824 1290 879 nuptias
1323 827 1446 879 opta-

150 886 295 926 tui-am
337 882 490 939 fuisse,
532 883 619 925 m‘si
662 886 706 925 te
750 883 934 926 volente.
994 884 1192 939 primum,
1239 883 1355 939 quod
1398 884 1446 925 in

149 943 272 985 nulla
301 942 470 998 virgine
501 945 672 984 tantum
705 942 923 998 audaciae,
954 946 1127 985 tantum
1155 942 1444 985 confidentiae

150 1005 236 1057 est,
272 1003 322 1044 ut
362 1001 476 1056 apud
508 1002 817 1057 magistratum
849 1005 894 1044 et
925 1002 976 1044 de
1008 1017 1054 1044 rc
1087 1017 1257 1044 summa
1288 1002 1446 1044 audeat

153 1063 308 1116 optare
340 1061 586 1103 inconsulto
618 1063 760 1116 patre3
795 1064 838 1103 et
862 1061 940 1103 illa
966 1062 1113 1117 utique
1139 1076 1227 1104 non
1251 1061 1445 1104 fecisset:
1476 1073 1516 1103 15

152 1121 232 1174 [et]
265 1134 470 1163 noveram
501 1120 691 1175 puellam
721 1123 765 1162 et
790 1121 967 1176 propius
994 1121 1038 1163 in
1063 1121 1218 1163 itinere
1243 1122 1446 1177 cognovi.

153 1179 291 1235 adice,
332 1179 447 1234 quod
484 1194 721 1235 numquam
757 1182 850 1222 tam
887 1181 1063 1236 ingrata
1100 1180 1256 1222 fuisset
1287 1180 1446 1235 puella,

151 1242 202 1281 ut
231 1238 407 1294 nuptias
441 1242 613 1293 optaret
645 1239 754 1293 eius,
786 1254 812 1281 a
843 1254 927 1294 quo
959 1254 1047 1282 non
1079 1242 1173 1281 erat
1203 1239 1444 1294 redempta3

153 1298 418 1353 relinqueret
449 1298 558 1353 eius,
600 1299 668 1340 cui
707 1298 892 1340 debebat
924 1298 1192 1353 libertatem,
1231 1299 1299 1341 cui
1332 1298 1445 1340 salu-

154 1359 255 1400 tem.
298 1357 382 1399 huc
414 1357 532 1400 adice
561 1357 844 1412 praeter<ea>
875 1358 999 1400 illum
1031 1358 1213 1400 iniuriae
1240 1357 1446 1412 dolorem,
1472 1369 1517 1400 20

152 1431 250 1459 cum
287 1416 332 1458 id
371 1430 579 1472 perpessa
611 1419 726 1459 esset
757 1417 800 1458 in
835 1417 1029 1471 civitate,
1068 1417 1181 1472 quod
1213 1431 1301 1459 non
1332 1417 1447 1459 inter

153 1477 360 1531 latrones,
390 1490 480 1518 non
511 1475 625 1518 inter
656 1475 866 1518 barbaros
893 1476 1011 1518 illos:
1043 1491 1127 1519 non
1157 1478 1224 1518 est
1249 1474 1317 1532 (ut
1337 1475 1444 1531 dixi)

153 1534 371 1590 credibile,
395 1538 457 1593 ,ut
499 1537 575 1577 aut
605 1535 802 1590 rapuerit
832 1536 904 1577 1116
938 1536 1030 1578 sine
1062 1536 1221 1578 fiducia
1250 1537 1333 1591 tui,
1372 1536 1445 1590 qui

151 1609 240 1637 non
277 1594 472 1649 amabat,
516 1594 591 1650 qui
629 1594 865 1650 plurimum
908 1595 1062 1637 timere
1102 1595 1326 1650 debuerat,
1370 1597 1446 1637 aut

151 1653 260 1697 haec
297 1654 516 1708 optaverit
555 1654 647 1696 sine
691 1654 951 1696 auctoritate
983 1657 1077 1709 tua,
1122 1658 1166 1697 et
1197 1655 1359 1710 puella,
1402 1657 1446 1696 et
1471 1665 1515 1696 25

152 1715 306 1756 contra
338 1727 455 1768 eum,
494 1713 567 1769 qui
599 1713 649 1755 de
681 1713 759 1755 illa
792 1714 956 1768 optime
988 1714 1254 1770 merebatur,
1293 1716 1335 1756 et
1365 1728 1443 1768 pro

152 1787 219 1828 6ο,
264 1788 289 1815 a
327 1787 412 1828 quo
450 1774 494 1814 et
530 1775 780 1827 contempta
818 1775 911 1816 erat
948 1775 992 1815 et
1028 1776 1168 1830 rapta.
1240 1773 1442 1816 existimo

152 1833 346 1874 animum
371 1835 496 1874 tuum
521 1832 656 1874 fuisse
688 1832 984 1874 manifestum:
1017 1834 1091 1887 qui
1123 1833 1160 1875 si
1193 1835 1386 1887 apparet,
1419 1847 1444 1874 a

151 1894 196 1934 te
229 1891 581 1946 circumscriptus
614 1906 721 1933 sum.

241 1949 335 1992 Iam
372 1950 568 1992 venimus
610 1950 664 1992 ad
705 1950 829 1991 illam
866 1950 1043 1992 tertiam
1081 1953 1250 2004 partem
1290 1964 1443 1992 causae
1470 1961 1515 1992 30

151 2011 341 2062 nostrae,
377 2009 422 2050 in
455 2023 540 2063 qua
572 2009 799 2050 ostendam
831 2009 974 2064 vobis,
1020 2024 1149 2064 quam
1181 2010 1328 2065 inique
1362 2009 1444 2051 sim

248 2129 269 2160 2
296 2124 396 2160 enim
421 2135 487 2160 om.
514 2127 544 2158 Δ
564 2125 575 2170 ΙΙ
597 2128 640 2160 10
665 2125 732 2160 tua
756 2127 782 2158 B
802 2126 814 2171 ΙΙ
835 2128 879 2160 15
904 2124 1140 2161 inconsul
1165 2127 1226 2172 ΔΙ]
1248 2130 1290 2161 16
1316 2126 1445 2173 *[et]1}

154 2172 329 2218 proprius
353 2175 381 2206 B
401 2173 412 2217 ΙΙ
434 2176 572 2208 18-19
600 2183 623 2207 a
649 2182 722 2216 quo
746 2184 782 2207 n.
805 2183 834 2208 e.
854 2185 882 2208 1·.
903 2185 932 2208 r.
959 2173 1038 2208 eius
1065 2183 1131 2208 om.
1157 2176 1184 2207 B
1203 2175 1215 2219 ΙΙ
1238 2177 1279 2209 19
1306 2173 1444 2209 debeat

153 2220 237 2265 Aa!
263 2223 304 2253 Ν
334 2223 364 2254 Δ
382 2221 395 2265 ΙΙ
413 2224 460 2255 20
485 2220 558 2254 hoc
585 2218 670 2255 dico
695 2221 844 2264 praeter
869 2223 954 2265 AB,
982 2231 1073 2256 corr.
1101 2221 1160 2256 Ro
1179 2222 1190 2267 ΙΙ
1210 2225 1253 2256 21
1282 2232 1360 2257 esse
1385 2224 1412 2254 B
1433 2220 1446 2267 Η

154 2270 199 2301 22
225 2269 283 2303 est
306 2278 371 2304 om.
398 2270 425 2301 B
457 2267 469 2312 ss
500 2271 545 2302 23
572 2269 640 2302 tua
665 2269 746 2311 AB,
773 2278 863 2303 corr.
891 2267 946 2303 Gr
977 2268 988 2312 ΙΙ
1021 2271 1067 2303 24
1093 2268 1172 2315 qui]
1200 2280 1274 2304 non
1299 2271 1326 2302 B
1356 2270 1367 2314 Η
1397 2271 1441 2302 25

154 2313 305 2359 puellae
329 2317 357 2348 B
387 2315 399 2360 ΙΙ
430 2318 476 2350 28
506 2325 587 2350 esse
619 2313 674 2349 Gr
691 2315 703 2359 11
723 2318 768 2350 30
794 2315 940 2360 partem
966 2317 1072 2351 actae
1100 2327 1233 2352 causae
1259 2329 1293 2351 n.
1321 2320 1347 2349 P

1153 2375 1227 2409 23*
