1586 2476
139 745 181 777 10

138 1035 179 1065 15

135 1325 178 1356 20

134 1614 177 1645 25

210 106 266 149 56
689 108 989 152 QUINTILIANI

209 214 382 256 eductae
413 215 714 268 praestandum
737 216 917 270 putavit,
947 230 998 257 ne
1023 230 1105 271 qua
1129 217 1256 259 occisi
1278 217 1463 262 hominis

208 273 386 314 infamia
431 273 740 327 inquinaretur;
790 288 916 328 quam
964 274 1140 316 tradidit
1187 275 1322 318 amico
1372 291 1462 331 suo,

210 331 320 384 quod
360 331 445 371 iam
485 330 568 372 dici
598 334 757 386 potest,
800 332 961 386 optimo
993 332 1156 374 marito.
1215 332 1460 375 Proximum

210 390 275 430 est
306 388 359 430 ab
390 388 489 441 hoc,
525 391 574 430 ut
612 388 736 431 amici
767 403 932 443 quoque
975 392 1017 431 et
1048 388 1103 444 (si
1133 390 1360 446 permittit)
1391 405 1461 446 ge·

208 446 299 487 neri
324 447 522 488 mandata
547 447 817 501 perferamus.
869 450 969 489 sunt
993 450 1132 489 autem
1158 449 1330 495 similia:
1360 463 1461 490 nam

210 507 252 546 et
286 504 515 556 plurimum
557 519 653 546 cum
695 519 744 546 eo
771 505 894 546 vixit
930 508 972 546 et
1006 505 1123 548 nulla
1157 519 1300 560 causa,
1341 507 1460 548 nullo

209 561 403 604 diductus
446 565 511 603 est
551 563 645 604 loco
683 565 725 604 et
761 577 890 616 usque
927 563 971 604 in
1006 563 1087 606 hoc
1123 566 1290 618 tempus
1326 564 1371 606 in
1411 579 1463 607 ea

207 619 289 661 fuit
319 620 530 674 opinione,
560 623 608 662 ut
639 635 682 662 se
713 621 901 662 crederet
930 621 1070 663 vivere
1095 621 1299 664 beneficio
1323 621 1460 664 istius.

205 677 315 719 Erat
343 677 534 732 profecto
563 678 667 720 felix
697 679 858 729 domus,
892 679 927 720 si
958 679 1003 720 in
1033 679 1107 721 illa
1130 679 1265 734 prima
1290 679 1461 722 simula-

206 736 322 777 tione
352 736 397 777 hi
429 750 599 778 manere
630 737 876 778 voluissent.
923 737 995 778 sed
1025 737 1124 778 dum
1154 737 1264 780 hanc
1294 751 1461 793 quoque

196 793 420 836 'beneficiis
463 794 615 847 optimi
658 794 768 836 senis
811 793 965 836 referre
1007 795 1191 850 gratiam
1233 796 1383 837 volunt
1419 797 1462 837 et

207 851 457 906 simpliciter
480 851 668 894 fatentur
694 853 855 894 omnia:
879 852 1116 894 inciderunt
1140 853 1265 895 ambo
1286 853 1334 895 in
1351 853 1461 895 hanc

206 909 405 951 dicendae
431 923 581 951 causae
611 911 921 964 necessitatem,
946 910 1044 952 dum
1070 911 1233 953 scilicet
1263 910 1459 953 ambitio-

206 981 277 1009 sus
302 980 434 1022 gener
457 968 549 1009 vult
575 968 710 1010 videri
739 982 882 1010 socero
911 982 986 1010 suo
1015 968 1293 1023 innocentior,
1327 983 1453 1023 quam

205 1025 439 1067 videbatur.
480 1025 690 1079 Equidem
720 1026 902 1079 peractis
934 1026 1167 1081 gratiarum
1199 1025 1458 1081 agendarum

205 1083 416 1125 mandatis
459 1083 539 1124 hoc
578 1084 763 1138 primum
798 1086 919 1138 puto,
955 1087 1004 1125 ut
1038 1084 1112 1125 isti
1143 1082 1200 1139 (si
1230 1083 1462 1140 permittit)

206 1141 406 1195 gratuler.
466 1140 554 1183 filia
585 1142 685 1195 eius,
716 1141 970 1195 probissima
1009 1141 1152 1196 puella
1183 1155 1231 1183 ac
1262 1155 1460 1184 verecun-

205 1199 396 1253 dissima,
426 1199 589 1240 nullam
620 1199 783 1254 accepit
812 1199 1029 1254 iniuriam3
1067 1199 1226 1241 amicus
1259 1202 1302 1241 et
1331 1212 1462 1255 gener

204 1257 367 1298 nullum
399 1257 534 1299 scelus
570 1256 681 1300 fecit.
740 1272 838 1299 nam
876 1257 911 1298 si
949 1257 1050 1312 quid
1080 1257 1166 1299 tale
1197 1257 1384 1312 cogitare
1417 1259 1460 1299 et

205 1315 249 1356 in
280 1315 469 1356 animum
500 1315 694 1357 inducere
718 1315 939 1369 potuisset,
968 1315 1042 1357 illo
1067 1318 1258 1369 tempore
1280 1315 1459 1357 vitiandi

204 1372 355 1414 habuit
380 1373 656 1427 occasionem,
682 1388 764 1427 quo
789 1373 1039 1428 naufragam
1064 1373 1108 1414 in
1126 1373 1228 1414 litus
1251 1376 1460 1415 evexerat.

204 1430 386 1485 Reliqua
428 1445 527 1485 pars
571 1431 750 1472 actionis
791 1445 908 1472 meae
959 1445 1045 1472 non
1092 1432 1181 1472 tam
1225 1431 1278 1472 ad
1321 1430 1459 1472 defen-

205 1489 383 1542 sionem,
425 1488 598 1542 iudices‚
634 1491 816 1544 spectat,
858 1503 985 1543 quam
1025 1488 1077 1530 ad
1108 1488 1460 1542 deprecationem.

202 1560 301 1587 nam
325 1546 446 1588 nulla
469 1547 661 1600 profecto
688 1547 841 1588 certior
864 1547 974 1588 ratio
1003 1550 1080 1601 est,
1111 1561 1238 1601 quam
1257 1549 1304 1588 ut
1328 1546 1459 1588 istum

203 1603 392 1658 priorum
422 1606 661 1658 temporum
694 1604 953 1645 admoneam.

290 1661 372 1703 Hic
398 1661 522 1716 enim,
552 1661 724 1715 iudices,
755 1661 1014 1715 adulescens,
1046 1659 1178 1715 (quod
1208 1661 1254 1702 in
1283 1661 1364 1703 hoc
1388 1661 1457 1703 de-

203 1734 320 1761 mum
348 1719 503 1761 iudicio
535 1719 772 1761 audivimus
799 1734 823 1760 a
848 1719 977 1761 divite
1002 1718 1103 1774 dici)
1127 1733 1299 1773 pauper,
1328 1733 1458 1761 unam

204 1777 287 1819 sibi
319 1777 502 1832 domum,
533 1791 660 1832 quam
693 1777 867 1831 coleret,
901 1776 1048 1832 elegit,
1079 1791 1209 1818 unum
1238 1776 1360 1832 hunc,
1392 1777 1458 1818 cui

202 1835 327 1877 fidem
372 1850 492 1877 suam
527 1835 786 1890 inpenderet.
853 1848 902 1877 ac
937 1835 1057 1876 brevi
1093 1834 1300 1890 moribus,
1338 1848 1457 1877 sanc-

296 1976 316 2007 3
354 1971 445 2019 (et)
471 1972 569 2016 quod
595 1972 663 2008 Sch
698 1973 710 2016 ΙΙ
745 1975 767 2006 4
804 1972 851 2007 ab
888 1972 958 2007 hoc
995 1981 1057 2007 om.
1099 1974 1126 2005 B
1169 1972 1180 2015 {2
1223 1975 1242 2006 7
1280 1971 1460 2007 deductus

202 2021 263 2052 ΔΒ
295 2020 306 2063 11
339 2023 382 2053 10
406 2019 586 2054 humanae
611 2029 669 2054 res
694 2018 898 2053 valuissent
920 2021 946 2051 B
971 2018 983 2062 ΙΙ
1009 2022 1050 2052 11
1077 2018 1195 2053 voluit
1218 2020 1243 2051 B
1263 2019 1274 2063 ΙΙ
1295 2021 1336 2052 12
1362 2017 1457 2052 fate—

202 2067 303 2100 retur
328 2067 354 2098 13
374 2066 385 2109 ΙΙ
407 2069 542 2101 14-18
567 2065 648 2100 vult
673 2077 706 2099 v.
733 2076 759 2100 s,
786 2077 812 2100 s.
837 2065 860 2100 i.
888 2077 922 2109 q.
948 2077 981 2101 v,
1008 2074 1038 2100 e.
1063 2076 1098 2109 p.
1125 2076 1158 2109 g.
1185 2075 1216 2099 a.
1243 2075 1289 2098 m.
1309 2063 1344 2099 h.
1364 2075 1400 2108 p.
1420 2075 1455 2108 p.

202 2123 235 2146 u.
261 2111 285 2147 i.
311 2123 346 2156 p.
372 2123 406 2156 g.
433 2111 456 2145 f.
484 2123 513 2147 e.
540 2123 574 2156 p.
601 2123 635 2156 p.
663 2121 693 2146 a.
721 2123 754 2146 v.
779 2123 814 2147 n.
840 2122 871 2146 a.
898 2111 922 2146 i.
948 2121 979 2145 a.
1006 2121 1036 2145 e.
1062 2111 1174 2155 gener
1198 2120 1262 2145 om.
1287 2113 1340 2144 A·
1369 2110 1380 2155 ΙΙ
1412 2113 1455 2144 16

202 2157 281 2192 istis
307 2157 489 2201 permittit
513 2161 542 2191 Δ
561 2159 572 2201 ΙΙ
591 2162 635 2192 22
662 2157 905 2193 defectionem
918 2160 971 2191 Aa
988 2157 1000 2201 ΙΙ
1019 2161 1061 2191 23
1086 2156 1214 2191 iudicii
1237 2158 1263 2189 B
1283 2156 1294 2200 ΙΙ
1313 2157 1457 2201 spectat

190 2215 268 2253 pm.
293 2206 318 2237 B
345 2205 355 2248 11
380 2207 424 2238 26
449 2204 519 2239 hoc
544 2204 692 2248 quidem
716 2204 790 2239 iud.
815 2207 841 2237 B
867 2204 879 2247 ss
907 2207 950 2239 27
976 2203 1143 2238 audimus
1168 2205 1197 2236 Δ
1216 2204 1227 2248 ΙΙ
1246 2206 1289 2237 29
1314 2202 1456 2238 brevio—

201 2250 302 2285 ribus
326 2252 352 2283 B
