1604 2488
182 452 202 483 5

163 743 205 774 10

161 1032 204 1064 15

161 1322 206 1355 20

160 1612 203 1644 25

161 1903 206 1935 30

229 103 314 144 242
709 101 1010 144 QUINTILIANI

229 209 571 251 adulescentulus
608 209 782 250 interim
820 209 934 250 rudis
971 209 1016 250 in
1046 210 1120 251 illa
1149 211 1261 252 nube
1290 211 1491 267 pulveris,

229 269 274 309 in
307 268 385 309 illa
416 267 663 309 confusione
694 267 1000 321 permixtarum
1030 268 1241 322 utrimque
1270 269 1487 324 legionum

231 326 370 367 virum
394 325 552 367 fortem
578 326 696 379 sequi
722 339 807 366 non
832 324 985 379 potuit.
1017 327 1062 366 at
1086 338 1164 380 ego
1188 326 1336 368 infelix
1354 328 1487 369 etiam

228 383 434 425 invidiam
471 383 560 424 filio
599 383 680 424 feci
715 387 757 425 et
788 383 925 437 spolia
956 383 1101 437 retuli,
1144 397 1225 438 quo
1255 385 1393 427 minus
1422 385 1489 426 illi

227 442 530 496 ignosceretur.

319 498 411 548 Quo
437 514 505 541 me
531 499 661 552 ducis,
694 498 861 540 anime?
894 513 976 552 quo
1005 513 1072 540 me
1095 499 1243 554 trahis,
1267 500 1491 543 adfectus?

227 558 368 611 placet
400 571 543 599 causa:
581 557 652 599 sed
685 556 798 598 aliud
832 557 988 610 optavi.
1049 557 1157 598 nihil
1188 560 1264 612 est,
1295 559 1405 613 quod
1437 573 1486 600 ex

227 630 322 657 meo
369 615 517 657 favore
565 629 727 669 speres,
773 615 935 656 iuvenis
978 614 1284 669 infelicissime3
1326 617 1487 658 nullam

228 673 427 715 fiduciam
453 688 503 715 ex
527 673 609 715 hac
633 673 1018 727 quantulacumque
1038 687 1191 727 operae
1209 687 1328 715 meae
1341 674 1491 728 gratia

233 732 392 785 capias:
435 731 700 773 moriendum
744 733 818 772 est.
891 731 1067 772 debetur
1109 731 1190 773 hoc
1228 745 1327 773 sane
1367 731 1487 774 disci-

232 791 373 844 plinae
399 789 589 843 militari,
615 789 792 831 debetur
817 792 1052 830 castrorum
1079 789 1308 831 severitati.
1333 784 1488 831 infelix

229 848 475 889 exeuntium
515 862 639 889 omen
669 848 931 900 miseraeque
963 847 1194 900 primitiae!
1239 848 1276 890 si
1307 847 1487 890 alterum

230 907 377 959 utique
409 920 459 947 ex
485 906 611 947 domo
637 908 786 947 nostra
812 904 1104 959 destinabatis,
1136 919 1208 947 cur
1232 919 1319 948 non
1345 915 1506 947 senem*

229 964 371 1018 potius
415 962 636 1004 traxistis?
685 963 783 1017 quid
821 977 932 1004 nunc
969 963 1050 1004 tibi
1086 963 1295 1017 proderit,
1339 963 1488 1004 miser-

229 1022 336 1063 rime
363 1021 619 1075 adulescens,
645 1021 756 1075 quod
781 1020 997 1062 modestus
1024 1021 1069 1061 in
1094 1034 1209 1075 pace,
1233 1021 1344 1075 quod
1363 1020 1490 1074 pius?

230 1082 273 1122 et
321 1079 357 1121 si
402 1079 652 1133 contigisset
698 1079 854 1120 civitati
902 1077 1067 1120 felicior
1116 1079 1252 1133 quies,
1300 1080 1489 1132 optimus

229 1138 341 1178 filius
375 1151 477 1179 eras.
527 1136 796 1179 Moriendum
829 1139 904 1177 est.
937 1137 1037 1190 quid
1067 1136 1148 1177 tibi
1179 1139 1395 1190 praestare
1426 1137 1488 1176 in-

229 1195 329 1236 felix
359 1198 481 1249 pater
512 1194 716 1249 possum?
767 1208 862 1235 cum
894 1194 1076 1247 duceris,
1112 1193 1239 1248 flebo,
1275 1194 1490 1248 plangam.

229 1253 328 1303 hos,
381 1268 486 1307 quos
532 1266 796 1306 sumpseram
838 1252 962 1293 modo
1007 1266 1057 1292 ex
1100 1252 1279 1293 victoria
1320 1251 1491 1306 publica

231 1311 367 1353 laetos
405 1311 596 1364 habitus,
635 1310 841 1352 abducite.
906 1310 1040 1351 merui
1079 1309 1330 1351 ambitiosus
1368 1312 1492 1364 pater

232 1370 411 1423 scilicet,
452 1383 505 1410 ne
537 1369 636 1423 quid
667 1368 716 1410 de
747 1368 923 1410 militari
955 1368 1180 1409 severitate
1211 1367 1494 1420 detraherem,

230 1442 284 1469 ne
322 1426 488 1469 viderer
524 1427 591 1470 vir
627 1427 750 1469 fortis
791 1426 998 1468 desertori
1028 1426 1256 1480 ignoscere.
1317 1428 1490 1467 conten-

229 1489 298 1527 tus
342 1486 403 1528 fui
440 1488 538 1540 post
574 1488 641 1527 tot
672 1487 842 1539 merita,
883 1484 1053 1526 favente
1083 1486 1177 1525 tota
1208 1484 1400 1537 civitate,
1443 1486 1492 1524 ut

230 1547 399 1585 tantum
437 1544 639 1585 innocens
677 1557 824 1584 essem.
886 1545 929 1583 et
969 1556 1080 1596 ecce,
1122 1542 1206 1584 iam
1237 1542 1491 1583 miserantes

229 1602 351 1643 video
388 1601 576 1643 iudicum
613 1601 775 1655 vultus3
820 1600 1082 1654 quorundam
1122 1599 1493 1654 deprehenduntur

229 1660 444 1702 lacrimae.
491 1659 611 1713 potui
635 1659 732 1713 plus
759 1661 919 1712 optare,
949 1658 1083 1712 potui.
1133 1659 1193 1699 sic
1218 1671 1384 1712 quoque
1410 1669 1490 1710 ego

229 1720 284 1772 te,
314 1718 387 1770 fili,
420 1717 565 1759 occidi.
616 1719 660 1758 at
689 1719 748 1770 tu,
780 1716 970 1770 quisquis
1003 1729 1058 1769 es,
1089 1716 1135 1756 in
1159 1729 1283 1769 quem
1307 1713 1490 1756 transfe-

229 1779 348 1818 retur
377 1775 458 1818 hoc
489 1774 637 1816 infelix
662 1774 957 1827 ministerium,
989 1787 1205 1828 supremas
1232 1772 1330 1814 audi
1354 1772 1490 1827 patris

230 1834 457 1876 miserrimi
482 1847 617 1875 voces,
655 1832 736 1875 hoc
762 1833 914 1874 saltem
938 1831 1135 1873 fortunae
1160 1845 1279 1873 meae
1303 1832 1491 1886 praesta:

233 1892 364 1935 semel
396 1891 535 1934 ferias.

325 2022 345 2052 2
372 2019 567 2062 utrumque
593 2020 645 2051 Aa
662 2020 762 2051 B-—P
781 2018 792 2061 ΙΙ
817 2020 840 2051 4
865 2015 926 2060 qui
951 2015 1069 2050 minus
1095 2018 1147 2048 Aa
1165 2016 1177 2060 ΙΙ
1195 2019 1216 2050 6
1243 2015 1328 2049 ante
1353 2025 1411 2049 me
1437 2016 1490 2046 Aa

230 2068 256 2100 B
275 2065 287 2108 ΙΙ
307 2069 325 2100 7
352 2068 408 2099 est
432 2075 496 2099 om.
522 2067 548 2098 B
568 2065 618 2109 118
645 2074 702 2099 me
727 2067 757 2097 Δ
775 2064 786 2107 ΙΙ
810 2061 954 2098 invenis
978 2065 1007 2096 Δ
1025 2063 1037 2106 ΙΙ
1067 2065 1109 2095 12
1135 2071 1271 2096 nomen
1293 2063 1320 2094 Β
1339 2061 1350 2105 ΙΙ
1370 2063 1411 2094 16
1438 2059 1490 2093 fe-

231 2110 364 2146 licitati
383 2114 456 2154 AB,
482 2122 571 2147 corr.
593 2110 662 2153 Gr3
692 2110 761 2144 tali
775 2109 889 2144 aetati
910 2109 982 2144 Obr
999 2110 1012 2152 ΙΙ
1030 2112 1072 2143 21
1099 2107 1180 2152 quis
1194 2110 1220 2141 Β
1239 2109 1252 2152 fl
1270 2108 1408 2142 26—27
1436 2105 1489 2140 sic

233 2169 301 2203 ego
326 2160 363 2192 te
389 2169 534 2202 quoque
559 2157 634 2192 filio
659 2160 685 2190 B
705 2158 872 2201 1127-28
897 2155 1116 2191 transfertur
1139 2156 1166 2187 B
