1578 2470
460 100 889 155 DECLAMA'HONES.
917 116 1101 153 cccxm.
1338 113 1424 156 347

138 226 259 283 queri
283 227 464 283 poteris,
490 227 625 269 habet
651 227 766 283 quod
791 226 1063 282 respondeat.
1094 225 1280 280 primum
1306 224 1426 278 illud,

136 286 383 330 necessaria
414 301 507 329 esse
539 287 770 343 vectigalia
801 286 979 329 civitati.
1021 284 1233 327 exercitus
1266 284 1426 339 stipen-

139 346 257 389 dium
307 345 546 401 accipiunt‚
590 346 708 388 bella
752 345 910 389 cotidie
960 346 1170 401 geruntur
1221 343 1426 386 adversus

138 405 347 448 barbaras
386 407 430 447 et
469 405 827 448 bellicosissimas
859 407 1031 461 gentes,
1069 402 1338 446 defendimus
1370 403 1426 445 ri-

134 479 216 521 pas
250 466 295 506 et
324 464 505 507 flumina
532 466 575 506 et
599 465 742 507 litora.
778 465 864 507 huc
889 463 1008 506 adice
1036 465 1079 506 et
1103 463 1228 505 illud:
1262 462 1427 518 templa
1454 479 1475 511 5

137 526 414 579 extruuntur3
448 524 634 566 multum
665 524 968 579 inpendiorum
1001 537 1123 565 sacra
1147 522 1320 577 ducunt,
1352 522 1427 564 ali-

137 582 242 639 quid
286 585 329 625 et
376 583 640 638 spectacula:
692 598 799 638 opus
845 585 912 625 est
954 581 1252 637 vectigalibus.
1313 581 1428 624 inter

135 642 372 696 vectigalia
390 657 520 697 porro
548 642 663 698 quod
688 643 866 698 aequius
893 642 1078 684 inveniri
1103 643 1251 696 potest
1271 643 1314 682 et
1335 641 1428 683 sine

137 701 299 744 maiore
337 701 564 744 hominum
601 702 806 757 querela?
870 704 1033 757 quanto
1073 700 1181 743 illud
1221 700 1426 743 iniustius

137 760 275 804 videri
305 763 468 816 potest,
509 776 592 817 quo
631 764 801 816 partem
831 760 1086 803 hereditatis
1120 759 1308 814 <fiscus>
1342 759 1427 802 sibi
1456 775 1500 808 10

136 819 358 862 vindicat?
401 823 447 863 at
477 821 711 876 plurimum
742 821 788 862 in
818 821 902 863 hoc
932 819 1121 876 vectigal
1154 819 1322 862 confert
1352 833 1427 861 ne-

136 879 341 935 gotiatio:
373 879 580 935 quidquid
613 883 690 935 est,
722 880 774 922 de
805 880 952 922 futuro
985 879 1104 922 lucro
1135 880 1218 933 est3
1251 881 1426 933 praeter

135 938 193 992 id,
224 938 338 993 quod
369 953 458 981 non
489 941 634 994 potest
664 939 800 981 videri
832 939 1041 994 iniquum,
1074 937 1128 980 ad
1162 937 1276 993 quod
1307 952 1423 980 acce-

137 997 266 1040 ditur.
327 1000 370 1040 et
401 998 589 1053 vectigal
622 999 794 1053 quidem
826 999 969 1053 ipsum
1000 997 1306 1052 necessarium,
1337 1011 1425 1039 non

134 1056 344 1111 iniquum.
381 1071 485 1100 num
511 1057 619 1100 haec
645 1058 806 1099 iniusta
831 1071 972 1113 poena
1005 1059 1083 1112 est,
1115 1057 1160 1098 in
1192 1071 1276 1112 qua
1308 1056 1425 1098 furta.
1454 1072 1497 1103 15

133 1115 524 1171 deprehenduntur,
549 1131 634 1172 qua
658 1117 727 1159 lex
747 1117 1002 1171 vindicatur,
1029 1131 1113 1171 qua
1138 1115 1258 1158 fraus
1285 1118 1426 1158 trans-

133 1173 367 1216 ferentium
387 1175 633 1231 detegitur‘?
666 1176 793 1218 aliter
815 1179 930 1218 stare
950 1175 1140 1230 vectigal
1159 1189 1248 1217 non
1269 1177 1426 1230 potest.

224 1232 390 1276 Eodem
421 1235 678 1277 revertimur
709 1235 885 1277 iterum:
929 1234 1011 1276 hac
1043 1235 1213 1277 ratione
1245 1248 1314 1276 res
1347 1249 1426 1289 pu-

134 1291 250 1334 blica
273 1292 408 1347 locat3
437 1293 521 1335 hac
539 1294 798 1336 necessitate
819 1309 898 1336 nos
920 1294 1200 1336 conduximus
1222 1295 1265 1336 et
1284 1293 1424 1348 pretio

135 1350 332 1394 vicimus.
389 1355 432 1394 et
464 1351 667 1395 adversus
701 1353 849 1408 quales
882 1353 1078 1395 homines
1112 1352 1425 1395 conduximus?
1453 1366 1498 1397 20

136 1410 334 1466 quamvis
365 1425 506 1466 poena
538 1412 608 1467 sit,
640 1412 835 1467 quamvis
867 1412 912 1454 in
943 1412 1224 1455 commissum
1250 1412 1427 1454 veniant

134 1484 199 1521 ea,
232 1484 340 1525 quae
372 1470 466 1525 quis
498 1470 720 1525 professus
751 1486 841 1514 non
874 1473 951 1523 est,
983 1474 1131 1514 tamen
1164 1471 1313 1514 fallere
1345 1486 1426 1514 nos

135 1528 299 1584 volunt,
324 1531 471 1572 tamen
490 1529 608 1572 mille
630 1531 795 1573 artibus
823 1530 1227 1573 circumscribimur.
1276 1532 1428 1586 quota-

137 1602 331 1643 quaeque
362 1603 430 1632 res
463 1591 540 1645 est,
573 1604 682 1644 quae
714 1589 1090 1646 deprehendatur?

224 1646 482 1690 Poteramus
510 1648 593 1690 tibi
613 1649 745 1691 etiam
764 1649 978 1704 imputare
999 1649 1275 1692 beneficium:
1298 1649 1425 1702 istud,
1454 1662 1498 1693 25

134 1706 248 1762 quod
272 1706 356 1748 tibi
370 1708 617 1763 extorqueri
631 1709 836 1764 quereris,
855 1723 943 1751 non
958 1709 1068 1764 apud
1083 1723 1162 1751 nos
1178 1708 1423 1763 perdidisti:

138 1765 317 1807 interim
351 1763 485 1822 (quod
518 1767 626 1809 satis
660 1766 743 1824 est)
776 1767 915 1810 furem
948 1768 1062 1823 apud
1094 1783 1173 1810 nos
1206 1768 1424 1810 invenisti.

134 1824 371 1880 ignorares,
397 1826 483 1868 nisi
502 1841 581 1868 nos
601 1826 847 1882 fuissemus,
866 1827 1083 1870 translata
1103 1827 1149 1869 in
1175 1828 1307 1870 aliam
1327 1842 1424 1882 pro-

133 1883 319 1926 vinciam
350 1885 488 1939 furta,
519 1885 633 1927 inter
657 1886 834 1941 ignotos
859 1886 1076 1941 homines,
1108 1886 1221 1928 inter
1247 1886 1425 1928 alienos.

237 1980 255 2011 1
284 1977 389 2021 queri
415 1978 519 2021 queri
545 1980 572 2011 B
591 1979 603 2023 ΙΙ
623 1982 643 2012 2
670 1978 689 2000 ’²‘
704 1978 912 2014 necessaria
938 1990 968 2014 e.
996 1991 1029 2013 v.
1056 1978 1203 2014 civitati
1227 1979 1282 2014 vel
1306 1980 1427 2022 etiam,

133 2035 228 2070 quae
252 2025 329 2059 iam
357 2023 566 2060 Gronovius
590 2026 722 2070 spuria
747 2026 950 2068 iudicavit,
982 2037 1030 2061 vs.
1047 2030 1070 2062 7
1100 2027 1211 2062 verba
1243 2037 1336 2071 opus
1371 2028 1429 2062 est

133 2071 405 2117 vectigalibus,
439 2083 561 2107 censeo
586 2074 628 2107 in
654 2073 854 2117 marqinem
879 2074 1085 2115 reiciendm·
1111 2075 1157 2117 cf.
1178 2075 1340 2120 prozeyq.
1368 2075 1380 2120 Η
1406 2078 1428 2108 5

133 2118 260 2154 adicet
283 2119 336 2154 ill.
364 2122 474 2162 AaB,
507 2118 662 2154 adiiciet
685 2119 737 2153 ill.
766 2123 792 2154 Β
816 2120 828 2165 ss
855 2125 874 2155 7
902 2121 955 2167 et]
982 2121 1032 2156 ad
1057 2124 1087 2155 Δ
1106 2122 1116 2166 ΙΙ
1138 2125 1157 2157 8
1185 2121 1274 2166 quid
1301 2125 1332 2156 A
1350 2123 1361 2168 Η
1384 2125 1427 2156 10

136 2166 237 2210 quod
262 2167 358 2211 part.
384 2167 462 2202 her.
490 2178 516 2201 s.
544 2166 646 2201 vind.
673 2166 763 2202 Ran
781 2168 792 2212 ΙΙ
811 2166 977 2215 (fiscus)
996 2168 1073 2212 Bu,
1099 2170 1165 2214 qui
1191 2172 1271 2214 (per
1295 2170 1427 2215 inpru-

139 2213 313 2257 dentiam,
337 2217 380 2249 ἀι
404 2214 565 2258 videtum)
589 2214 710 2250 omisit
735 2215 923 2260 insequens
949 2216 1020 2251 sibi
1039 2217 1050 2262 ΙΙ
1072 2219 1115 2251 15
1141 2217 1246 2263 num]
1274 2229 1349 2252 non
1375 2217 1426 2262 ΒΗ

135 2262 181 2294 16
212 2260 626 2296 transtransferentium
659 2264 690 2295 A
720 2261 732 2306 ΙΙ
765 2265 808 2297 18
840 2263 1060 2299 revertimus
1087 2265 1253 2300 ceterum
1278 2267 1305 2298 Β
1339 2264 1350 2308 ΙΙ
1382 2268 1428 2299 20

136 2306 319 2344 vincimus
345 2309 470 2354 31124
497 2309 554 2343 est
580 2319 645 2344 om.
672 2311 699 2342 Β
