1604 2488
212 101 295 144 168
690 103 992 147 QUINTILIANI

618 232 1060 277 DEOLAMATIO.

296 313 530 367 Coeperam
556 315 783 370 gratulari:
812 329 919 370 ecce,
943 315 1096 357 iterum
1123 316 1348 360 sollicitor:
1378 319 1465 361 iam

206 372 404 413 irascitur
434 375 567 426 pater.
617 373 730 428 quod
760 372 811 414 ad
843 387 910 414 me
941 373 1136 427 pertinet,
1166 388 1255 416 non
1286 376 1370 418 alia
1399 392 1468 419 ra—

205 430 322 471 tione
354 430 610 486 contradico,
640 445 766 484 quam
796 445 849 472 ne
879 433 1001 485 pater
1032 430 1146 473 domi
1175 432 1265 474 sine
1289 429 1466 477 custode

158 498 178 529 5
206 488 274 531 sit.
333 502 419 530 non
462 488 588 530 aliter
622 489 766 543 itaque
805 489 916 530 hanc
948 503 1120 531 causam
1152 502 1295 545 agam,
1337 506 1465 546 quam

201 546 394 599 proxime
444 546 536 601 egi,
591 547 759 588 etiamsi
814 547 859 588 in
910 547 986 588 illa
1033 547 1178 589 nocuit
1224 550 1461 592 moderatio.

202 604 273 646 diu
311 617 391 659 ego
427 605 507 646 tuli
538 605 826 646 valetudinem·
855 605 1010 659 patris,
1048 605 1179 647 donec
1209 608 1298 648 tam
1330 608 1465 649 mani-

200 661 312 703 festa
350 665 479 715 esset,
522 665 570 704 ut
614 662 860 704 damnarem
903 662 1033 704 etiam
1071 663 1242 705 invitus.
1300 665 1465 707 tradita

201 723 266 761 est
297 720 460 762 curatio
491 720 610 762 mihi.
654 735 781 774 quam
812 720 1042 775 diligenter
1070 720 1152 763 hoc
1183 722 1360 776 egerim,
1391 737 1459 765 ae-

132 788 175 819 10
201 778 393 820 stimate:
444 778 613 820 videtur
651 778 722 820 hic
762 792 854 820 esse
896 781 1082 821 sanatus.
1140 793 1219 822 nec
1260 780 1463 834 (tamen)

198 836 302 878 illud
333 839 627 891 argumentum
659 837 853 878 sanitatis
879 839 961 891 est,
993 836 1105 891 quod
1128 837 1246 891 rupit
1268 837 1462 880 vincula:

197 908 322 948 saepe
352 894 537 936 faciebat
565 894 646 936 hoc
677 894 828 948 ipsum.
871 894 982 948 quod
1008 895 1053 936 in
1077 894 1223 936 hostes
1248 895 1453 950 impetum

195 951 308 1006 fecit,
333 952 443 1007 quod
468 953 705 1006 praemium
723 952 919 1007 peti<i>t,
945 965 1026 1006 ago
1052 952 1215 1007 gratias
1240 953 1459 996 fortunae:

195 1010 311 1051 visus
344 1013 409 1051 est
441 1024 582 1052 sanus.

126 1078 168 1110 15
284 1067 392 1116 Quid
418 1068 581 1110 obicis?
610 1068 774 1123 ,‚egisti,
804 1068 956 1122 inquit,
986 1082 1151 1110 mecum
1181 1067 1456 1110 dementiaef‘

195 1125 239 1167 Si
263 1140 351 1167 non
375 1126 618 1180 tenuissem,
641 1129 785 1167 tamen
808 1126 996 1168 licuerat.
1041 1126 1186 1167 datum
1205 1128 1270 1167 est
1287 1126 1455 1168 hocius

194 1186 343 1225 contra
367 1187 545 1238 patrem.
575 1184 719 1238 legum
738 1185 850 1225 lator
869 1184 1089 1238 prospexit
1109 1184 1332 1237 senectuti:
1357 1183 1455 1226 ideo

193 1241 447 1283 medicinam
484 1242 583 1283 filiis
623 1242 861 1295 imperavit.
928 1256 1022 1284 cum
1062 1255 1171 1283 vero.
1204 1242 1454 1294 sanaverim,

191 1302 383 1353 poteram
418 1300 551 1341 videri
595 1300 771 1354 impius,
812 1299 897 1341 nisi
939 1299 1198 1341 detulissem.
1256 1313 1343 1340 non
1388 1306 1457 1341 est

121 1368 165 1399 20
191 1358 458 1412 indulgentia
493 1357 741 1412 permittere
779 1357 862 1399 sibi
891 1357 1091 1399 furorem.
1152 1355 1233 1398 Sed
1265 1357 1452 1412 alligavi.

190 1415 270 1458 hoc
303 1416 338 1457 si
369 1415 562 1470 iniquum
594 1418 725 1469 esset,
765 1430 852 1457 non
882 1415 1040 1457 liceret.
1098 1415 1248 1456 deinde
1280 1414 1450 1468 obicies,

190 1474 301 1527 quod
344 1488 430 1515 non
468 1473 706 1516 cust-odivi?
773 1475 910 1515 testor
949 1473 1069 1523 deos,
1109 1486 1197 1514 non
1233 1472 1388 1515 recessi
1426 1487 1451 1514 a

189 1531 392 1586 custodia,
423 1532 555 1574 donec
586 1546 652 1573 me
685 1531 842 1573 bellum
873 1531 1080 1573 avocavit.
1122 1530 1182 1572 At
1213 1530 1449 1572 contradixi

187 1590 378 1644 praemio
427 1592 514 1631 tuo.
585 1589 666 1631 hoc
715 1589 854 1630 simile
897 1591 963 1630 est
1006 1589 1064 1642 ei,
1113 1588 1224 1643 quod
1269 1588 1450 1630 defendi.

119 1658 162 1689 25
189 1649 263 1689 sed
295 1662 382 1689 non
420 1647 574 1689 dicam:
618 1647 830 1688 »recentia
866 1649 941 1688 tua
977 1646 1166 1687 fecerunt
1195 1646 1364 1699 merita,
1401 1649 1450 1687 ut

188 1705 421 1747 obtineres:
465 1720 520 1746 an
556 1705 764 1758 debueris,
808 1704 1068 1758 apparebit«.
1128 1717 1216 1744 non
1257 1703 1445 1744 desinam

187 1765 352 1818 optare,
382 1766 431 1804 ut
460 1763 570 1804 hanc
603 1776 754 1804 causae
780 1775 897 1803 meae
921 1764 1086 1815 partem
1112 1761 1270 1803 malam
1302 1760 1445 1803 facias.

187 1821 312 1863 duret
347 1821 432 1863 ista
470 1821 601 1862 animi
630 1821 695 1862 tui
726 1820 861 1874 quies:
902 1819 1009 1861 scias
1050 1819 1202 1874 quibus
1233 1818 1446 1873 irascaris,

186 1880 295 1921 scias
329 1894 434 1933 qUOS
467 1891 593 1921 ameS.

280 1997 297 2027 1
323 1992 556 2029 Declamacio
582 1995 681 2038 Δ116
707 1993 793 2027 ante
817 1990 913 2027 ratio
938 1994 1012 2035 AB,
1037 2001 1126 2027 corr.
1152 1990 1210 2026 Ro
1227 1991 1239 2035 ΙΙ
1258 1993 1279 2025 8
1305 1990 1359 2025 est
1383 1992 1412 2023 A
1431 1989 1443 2035 Η

185 2042 228 2074 10
254 2039 323 2074 hoc
349 2043 432 2083 AB,
471 2051 560 2075 corr.
588 2039 663 2082 Ro,
697 2042 883 2083 praeterea
907 2039 1061 2073 suadens
1085 2048 1181 2072 nunc
1216 2038 1228 2082 Η
1263 2035 1444 2090 (tamen)

181 2085 239 2120 Ro
269 2088 280 2130 Η
314 2090 355 2120 14
381 2068 481 2121 satus
507 2089 564 2120 Aa
595 2087 605 2130 ΙΙ
639 2088 680 2120 18
705 2084 801 2120 filius
826 2087 852 2118 B
884 2086 895 2130 ΙΙ
926 2088 968 2119 21
995 2083 1182 2118 inimicum
1207 2086 1276 2126 Aa,
1301 2081 1438 2117 inicum

181 2135 238 2165 Ab
258 2135 332 2176 {122
358 2133 421 2177 qui
446 2136 485 2175 A,
513 2145 537 2179 q
561 2135 587 2166 Β
619 2134 630 2177 Η
660 2135 705 2166 24
731 2131 895 2166 defendis
920 2131 957 2166 et
981 2133 1064 2173 AB,
1089 2140 1178 2165 corr.
1204 2129 1262 2164 Ro
1280 2128 1291 2173 ΙΙ
1309 2131 1354 2163 26
1380 2127 1439 2163 de-

180 2178 324 2213 buerim
349 2182 429 2222 AB,
455 2190 545 2214 corr.
571 2180 646 2214 Aer
664 2180 675 2223 ll
694 2178 885 2223 apperebit
908 2179 938 2210 A
969 2178 980 2222 [Ι
1011 2181 1053 2212 27
1079 2176 1213 2211 faciam
1238 2177 1321 2218 AB,
1346 2184 1438 2210 corr.

180 2224 234 2261 Gr
252 2226 264 2269 ΙΙ
283 2228 326 2260 29
353 2235 451 2261 amas
477 2229 507 2259 A
