1604 2488
246 108 331 149 306
717 108 1012 152 QUINTILIANI

654 225 1098 270 DEOLAMATIO.

330 306 450 348 Ultio
491 321 597 362 quae
636 308 825 362 petitur?
874 301 982 362 quae
1021 309 1222 352 adversus
1263 309 1498 352 homicidas

244 364 401 418 scripta
432 367 516 419 est,
556 379 663 420 quae
695 366 896 408 adversus
927 381 1018 421 eos,
1058 368 1130 421 qui
1161 370 1219 409 ter
1247 368 1498 410 iniuriarum

243 422 431 464 damnati
463 426 580 477 sunt,
612 423 771 478 scripta
802 426 878 465 est.
928 439 1064 478 neque
1089 437 1169 479 ego
1194 425 1358 480 ignoro,
1388 425 1498 467 unde

198 491 217 522 5
243 480 317 521 isti
347 480 418 522 1116
449 481 624 523 animus.
679 495 788 523 nova
819 482 932 523 enim
963 497 1060 536 spes
1090 483 1193 525 fecit
1220 482 1330 525 hanc
1360 483 1496 525 litem:

241 538 370 579 homo
408 538 570 594 alioqui
606 540 802 593 petulans
839 540 1022 595 quaerit,
1066 555 1148 595 quo
1185 541 1310 583 modo
1340 541 1497 595 inpune

168 629 172 633 .
242 595 423 650 occidat,
461 611 544 651 quo
582 598 707 639 modo
745 598 941 639 manibus
974 599 1062 640 suis
1093 599 1315 653 permittat
1345 599 1498 641 omnia.

239 653 321 695 hoc
359 667 459 708 ergo
497 655 769 709 privilegium
799 656 1004 710 habeant,
1047 656 1120 711 qui
1151 656 1217 698 bis
1248 657 1496 698 iniuriarum

239 711 429 753 damnati
461 715 579 763 sunt,
615 716 663 754 ut
692 714 819 754 tertio
852 714 1041 755 accusari
1073 714 1163 756 sine
1193 714 1381 768 periculo
1411 727 1499 755 non

171 780 214 812 10
239 770 434 824 possint?
489 770 571 812 hoc
614 785 792 825 aequum
835 772 1080 813 mortalium
1122 772 1256 814 videri
1299 771 1495 827 cuiquam

237 828 414 882 potest?
463 828 569 870 vivit
600 829 685 883 ille,
717 830 788 884 qui
813 830 873 871 bis
897 830 1147 871 iniuriarum
1172 829 1396 872 damnatus
1423 831 1499 884 est,

238 885 311 939 qui
344 885 506 927 duabus
538 887 733 940 partibus
758 887 886 941 periit
910 887 1087 941 civitati,
1117 901 1235 942 quem
1257 887 1496 941 petulantia

238 957 313 984 sua
343 945 475 985 morti
505 945 590 986 iam
622 959 752 998 prope
784 945 989 987 admovit:
1031 945 1100 987 hic
1132 945 1354 999 occiditur,
1398 945 1498 999 quia

237 1003 410 1055 questus
443 1004 519 1043 est.
566 1002 731 1044 utinam
763 1003 868 1043 mihi
899 1003 1165 1056 contingeret
1190 1003 1300 1057 apud
1327 1003 1497 1044 eosdem

168 1069 210 1100 15
234 1058 332 1100 illos
364 1059 521 1101 iudices
553 1074 726 1101 causam
757 1060 910 1113 dicere,
943 1060 1014 1113 qui
1046 1061 1176 1102 istum
1208 1061 1494 1114 absolverunt,

235 1116 428 1158 homines
461 1117 586 1158 mites
619 1120 662 1158 et
691 1117 1001 1171 misericordes,
1040 1120 1083 1159 et
1119 1118 1191 1172 qui
1221 1118 1494 1172 turpissimos

237 1188 402 1228 quoque
434 1175 544 1215 cives
575 1177 721 1216 tamen
753 1188 920 1216 servare
951 1175 1198 1216 maluerint!

712 1311 1030 1355 CCCXXXII.

443 1393 627 1446 Divitis
658 1394 707 1436 et
735 1394 953 1447 pauperis
984 1393 1279 1436 testamenta.

165 1498 209 1529 20
235 1486 402 1541 Pauper
452 1489 494 1528 et
543 1487 659 1529 dives
703 1487 828 1529 amici
845 1489 1002 1531 ‚erant
1075 1486 1190 1528 dives
1233 1488 1492 1529 testamento

353 1546 482 1586 alium
523 1545 703 1586 amicum
741 1545 929 1587 omnium
965 1545 1174 1586 bonorum
1205 1545 1393 1587 instituit
1423 1545 1494 1586 he·

349 1603 508 1657 redem‚
550 1603 727 1658 pauperi
766 1603 890 1644 iussit
928 1602 1018 1644 dari
1056 1602 1116 1656 id,
1161 1602 1272 1657 quod
1302 1603 1375 1644 1116
1409 1602 1492 1645 sibi

347 1663 607 1702 testamento
646 1661 776 1702 daret.
834 1663 1007 1715 apertae
1045 1662 1144 1701 sunt
1180 1661 1354 1702 tabulae
1389 1675 1491 1714 pau-

347 1719 475 1773 peris.
531 1719 719 1760 omnium
754 1719 964 1760 bonorum
1002 1718 1248 1759 instituerat
1283 1718 1493 1759 heredem.

161 1786 205 1818 25
348 1777 459 1831 petit
489 1778 624 1817 totam
657 1776 802 1818 divitis
834 1775 1124 1817 hereditatem.
1171 1775 1256 1830 ille,
1288 1775 1359 1830 qui
1392 1775 1491 1817 scri-

349 1836 447 1889 ptus
480 1836 544 1875 est
574 1834 709 1889 heres,
739 1834 831 1876 vult
860 1834 959 1875 dare
990 1836 1178 1887 tantum,
1210 1835 1416 1887 quantum
1446 1834 1492 1875 in

346 1906 517 1934 censum
548 1892 679 1934 habet
709 1906 881 1946 pauper.

324 2023 341 2052 1
368 2018 598 2054 Declamatio
624 2028 688 2054 om.
714 2018 810 2063 13112
836 2019 983 2062 petetur
1006 2019 1101 2062 3113
1127 2015 1184 2052 bis
1203 2019 1281 2060 AB,
1306 2026 1395 2051 corr.
1411 2015 1491 2062 Grll

228 2068 250 2100 5
274 2075 348 2100 non
372 2068 452 2109 AB,
471 2076 562 2100 corr.
582 2064 640 2100 Ro
659 2066 670 2110 1}
691 2068 709 2099 7
736 2063 882 2099 accidat
899 2067 999 2097 B—I’
1018 2064 1029 2108 ΙΙ
1051 2067 1089 2098 11
1112 2063 1259 2108 epotest
1275 2065 1328 2096 Aa
1345 2063 1357 2107 ΙΙ
1375 2063 1489 2097 semel

227 2114 302 2156 AB,
327 2121 417 2147 corr.
435 2111 508 2156 ὥς·
534 2111 646 2147 semel
665 2110 731 2158 <et
755 2109 916 2165 iterum>
932 2110 1020 2154 Obr;
1046 2109 1108 2154 qui
1135 2109 1246 2144 semel
1270 2107 1488 2143 iniuriarum

228 2158 424 2194 damnatus
450 2160 516 2203 est,
541 2157 688 2205 (vivit)
713 2158 775 2201 qui
801 2157 941 2192 duabus
967 2161 1027 2192 etc.
1048 2155 1106 2191 Ro
1123 2157 1136 2200 ss
1156 2159 1198 2190 12
1224 2155 1320 2199 perit
1343 2157 1373 2188 A
1391 2155 1403 2199 ΙΙ
1421 2153 1487 2199 qui

227 2205 310 2249 ΑΒ,
341 2215 431 2241 corr.
458 2206 535 2240 edd.
560 2206 573 2250 ΙΙ
607 2209 647 2240 13
674 2204 862 2239 occidetur
885 2203 959 2239 Aer
983 2204 995 2248 ΙΙ
1023 2206 1066 2237 16
1091 2202 1214 2237 tmites
1239 2203 1291 2235 Aa.
1308 2202 1321 2246 fl
1341 2205 1383 2236 17
1409 2211 1487 2235 ma-

225 2246 374 2288 luerunt
397 2252 613 2296 31122-24
637 2251 791 2296 pauperi
809 2250 833 2286 i.
854 2250 887 2286 d.
908 2249 930 2284 i.
953 2261 986 2294 q.
1007 2252 1068 2284 etc.
1088 2270 1130 2274 --
1151 2247 1323 2283 heredem
1348 2257 1413 2284 om.
1435 2249 1487 2280 Aa
