1604 2488
234 97 319 139 286
714 97 1017 139 QUINTILIANI

234 204 291 246 sit
334 204 578 258 scelestum,
620 206 668 245 ut
716 204 887 245 hercule
943 204 1145 246 credibile
1193 207 1286 248 erat
1333 206 1380 248 in
1431 221 1494 262 ea,

233 276 341 317 quae
371 264 459 303 tres
489 262 708 317 privignos
739 261 900 303 habuit.
944 264 1118 316 expecto
1149 276 1200 304 ex
1228 263 1296 306 his
1329 265 1489 319 aliquid

231 320 529 362 novercalibus
577 319 717 362 factis.
788 333 998 362 venenum
1042 321 1238 375 paravit?
1287 322 1492 365 insidiata

234 380 298 419 est
334 378 483 419 liberis
522 377 636 419 tuis?
675 377 742 419 vel
775 377 904 432 (quod
934 378 1197 420 levissimum
1238 379 1321 434 est)
1364 394 1491 434 expu-

187 444 207 474 5
234 449 365 490 gnare
397 436 587 477 animum
617 438 739 477 tuum
770 436 933 477 voluit?
973 435 1082 476 nihil
1111 435 1274 479 horum.
1333 452 1492 480 novum

233 495 277 535 et
301 493 540 535 inauditum
568 496 694 536 antea
725 494 900 535 crimen:
931 507 1113 535 noverca
1136 494 1314 537 nimium
1339 495 1494 538 dicitur

233 565 377 593 amare
406 551 640 606 privignos,
672 552 910 594 sterilitatis
941 551 1294 595 medicamentum
1324 553 1446 596 bibit.

322 608 368 651 Si
398 611 447 650 tu
478 609 636 651 liberos
666 623 754 651 non
784 610 982 664 haberes,
1017 611 1212 664 poteram
1241 613 1386 653 tamen
1416 611 1493 653 illa

233 666 389 708 dicere:
437 668 670 721 periculum
710 667 871 722 timuit,
919 668 1184 710 documentis
1231 669 1493 723 quarundam

165 734 207 765 10
234 725 463 767 infeliciter
487 725 745 779 parientium
770 727 887 766 mota
912 727 993 780 est;
1023 725 1206 768 fortasse
1231 727 1343 768 male
1362 727 1495 769 sensit

160 1023 202 1054 15

158 1313 203 1344 20

158 1603 202 1634 25

154 1893 198 1924 30

235 783 286 825 de
317 784 583 837 temporibus
615 783 737 837 ipsis:
774 783 881 824 vidit
910 797 1003 824 eam
1034 783 1264 839 luxuriam,
1297 798 1348 826 ea
1376 784 1492 838 vitia,

229 844 279 883 ut
316 855 451 896 paene
489 842 665 883 educare
696 841 855 883 liberos
887 842 1068 883 amentis
1102 845 1225 884 esset.
1284 844 1332 884 tu
1361 856 1491 897 porro

228 898 275 940 in
299 913 429 941 uxore
454 899 564 940 nihil
590 899 706 940 aliud
727 901 995 954 [ex]spectas‚
1015 913 1143 953 quam
1161 899 1493 942 fecunditatem?

231 970 344 1012 „non
382 957 536 1011 parit“.
599 957 671 998 sed
715 957 981 1011 obsequium,
1019 957 1092 999 sed
1126 957 1252 999 fidem
1288 959 1492 1012 praestat.

229 1013 311 1056 Sed
353 1014 439 1056 iam
475 1017 646 1068 tempus
691 1017 756 1056 est
791 1015 976 1069 propriis
1019 1029 1112 1056 eam
1147 1015 1386 1056 rationibus
1423 1015 1491 1056 de-

227 1072 356 1114 fendi.
417 1072 528 1113 bibit
557 1072 681 1126 illud,
719 1086 812 1114 cum
850 1075 936 1114 tres
976 1072 1133 1114 liberos
1163 1073 1355 1114 haberes.
1414 1087 1491 1115 nec

228 1131 377 1172 statim
407 1130 489 1171 hoc
521 1145 665 1171 amore
697 1133 740 1172 et
775 1130 943 1172 adfectu
969 1130 1163 1172 defendo:
1194 1130 1363 1172 interim
1386 1133 1492 1172 tam-

229 1202 357 1242 quam
395 1188 670 1229 ambitiosam
707 1188 870 1229 tuebor.
929 1188 1066 1229 voluit
1103 1187 1287 1242 effugere
1323 1188 1490 1230 fabulas

226 1260 518 1300 novercarum,
548 1245 687 1288 voluit
713 1245 911 1287 adversus
932 1259 1053 1287 casus
1082 1246 1212 1287 etiam
1235 1259 1491 1300 praeparare

229 1304 334 1358 (se)
366 1304 535 1358 illa[m]‚
565 1303 675 1344 nihil
706 1304 750 1345 in
781 1304 906 1345 domo
944 1303 1120 1358 habere,
1161 1306 1337 1358 propter
1378 1303 1491 1358 quod

227 1362 438 1418 privignis
470 1361 689 1403 invideret.
751 1361 879 1416 quid?
930 1361 966 1402 si
1002 1361 1102 1402 fecit
1137 1361 1218 1403 hoc
1248 1375 1334 1404 non
1364 1360 1490 1404 modo

227 1434 447 1474 novercae,
479 1419 551 1461 sed
583 1420 713 1461 etiam
738 1420 882 1461 uxoris
908 1420 1092 1473 optimae
1117 1419 1288 1461 animo‘?
1319 1419 1491 1474 plenam

227 1478 450 1520 invenerat
504 1477 693 1531 domum,
746 1478 919 1532 plenum
970 1479 1284 1520 testamentum.
1362 1476 1491 1532 »quid

227 1536 352 1590 mihi,
388 1536 545 1590 inquit,
588 1550 682 1577 cum
718 1538 845 1589 partu
882 1535 1001 1576 erat?
1057 1535 1228 1577 dederat
1263 1535 1370 1576 mihi
1405 1535 1491 1576 for-

227 1596 333 1635 tuna
369 1594 560 1647 iuvenes3
598 1607 735 1648 neque
772 1594 952 1635 maritus
991 1594 1080 1635 eius
1125 1593 1278 1635 aetatis
1322 1595 1402 1648 est,
1441 1594 1491 1634 ut

229 1652 525 1705 concupiscere
556 1665 689 1693 novos
721 1651 880 1692 liberos
905 1651 1085 1704 possit«
1126 1665 1180 1692 nc
1203 1650 1491 1693 fraternitatis

225 1709 395 1764 quidem
432 1709 576 1750 eadem
613 1709 706 1750 iura
743 1708 887 1749 futura
924 1711 1045 1750 erant
1081 1708 1194 1750 inter
1229 1711 1319 1750 tam
1358 1707 1490 1749 disso-

223 1769 374 1809 nantes
411 1770 584 1821 tamque
623 1766 848 1808 discordes.
909 1765 969 1807 At
1011 1780 1123 1807 nunc
1167 1765 1393 1821 expellitur
1435 1767 1490 1819 et,

225 1826 428 1880 quoniam
469 1825 584 1866 bona
625 1825 706 1866 fuit
747 1838 947 1878 noverca,
989 1838 1066 1866 nec
1097 1824 1256 1866 liberos
1287 1823 1489 1865 habitura

226 1886 303 1938 est,
333 1898 411 1925 nec
442 1883 593 1925 virum.

322 2014 338 2043 1
367 2012 405 2044 et
429 2010 463 2044 h.
491 2020 539 2044 cr.
565 2009 636 2043 erit
659 2011 745 2051 AB,
772 2019 861 2044 corr.
886 2007 943 2043 Ro
962 2009 974 2052 ΙΙ
993 2012 1014 2042 4
1041 2007 1115 2042 suis
1140 2010 1166 2040 B
1186 2009 1236 2052 119
1261 2006 1489 2052 quorundam

225 2059 289 2089 AB
327 2058 339 2101 11
377 2060 420 2091 13
458 2055 681 2108 [ex]spectas
716 2055 769 2090 Gr
805 2056 816 2100 ΙΙ
856 2058 992 2089 19—20
1027 2064 1247 2099 praeparare
1280 2053 1384 2088 illam
1410 2055 1489 2096 AB,

225 2113 315 2138 corr.
343 2102 422 2145 Βοὴ,
448 2113 486 2137 se
513 2104 627 2136 etiam
651 2113 788 2146 praep„
814 2101 933 2137 voluit
956 2100 1049 2135 nihil
1079 2099 1132 2135 Gr
1151 2102 1162 2145 Η
1181 2103 1223 2135 21
1249 2110 1322 2135 non
1346 2109 1412 2135 om.
1438 2099 1488 2143 ΒΗ

225 2153 269 2184 22
297 2149 437 2194 optimo
463 2151 540 2191 AB,
565 2159 655 2184 corr.
681 2147 734 2182 Gr
753 2149 764 2192 ΙΙ
783 2151 828 2182 24
852 2147 1074 2192 parturierat
1099 2149 1125 2180 B
