1578 2470
167 763 210 795 10

168 1053 210 1085 15

169 1344 215 1375 20

166 1632 210 1664 25

167 1923 212 1954 30

234 103 319 144 354
715 102 829 144 QUIN
832 102 1012 138 TILIANI

644 207 1087 251 DECLAMATIO.

323 289 703 343 Circumscriptum
752 304 843 331 esse
893 304 960 331 me
1002 290 1186 343 probare
1227 291 1344 344 prius
1389 292 1498 346 volo,

235 363 363 403 quam
407 348 460 389 ab
504 348 588 389 isto
633 348 1010 402 circumscriptum.
1071 350 1221 402 pactus
1262 363 1373 391 sum:
1415 349 1497 391 hoc

234 409 404 460 pactum
442 420 529 447 non
561 409 767 458 servatur,
797 420 875 447 nec
906 407 1050 459 potest
1079 405 1232 459 repeti3
1273 407 1497 461 pecuniam

235 464 405 518 inpendi
446 464 523 505 sub
561 466 706 517 paeto3
746 478 883 517 neque
920 464 1143 518 pecuniam
1179 466 1368 518 repetere
1404 479 1498 518 pos-

236 537 329 563 sum
366 536 502 576 neque
532 522 593 576 id,
630 524 804 576 propter
835 522 947 576 quod
978 521 1164 575 inpendi,
1193 521 1345 576 habe03
1381 523 1497 564 navi-

237 580 347 635 gavi,
387 580 580 622 ]aboravi
623 579 704 633 (sic
741 579 913 620 interim
944 577 1135 635 loquor),
1175 579 1373 633 quoniam
1403 595 1499 634 pro-

235 638 485 680 mittebatur
511 637 690 691 aliquid:
723 637 803 678 hoc
829 637 940 692 quod
966 639 1223 691 promissum
1249 641 1352 692 erat,
1377 652 1499 692 prae-

237 697 340 738 stari
371 710 457 737 non
487 698 647 750 potest:
679 695 1013 750 circumscriptio
1046 697 1121 736 est.

324 753 542 795 Hactenus
568 768 695 795 causa
714 753 989 794 fundamenta
1013 754 1253 807 cepi[sse]t:
1279 754 1503 807 sequentia

239 813 317 853 illa
348 814 461 867 sunt,
491 814 539 853 ut
569 812 745 866 probem
778 826 844 853 me
876 813 918 852 et
950 811 1002 852 ab
1028 811 1109 854 hoc
1135 811 1500 865 circumscriptum

238 884 329 911 esse
357 873 400 911 et
425 870 720 925 indignissime
741 870 1120 924 circumscriptum.
1146 869 1502 923 animadvertitis,

236 929 414 982 iudices,
463 928 659 969 fiduciam
710 927 1111 981 circumscriptoris:
1160 927 1299 981 „alius
1347 927 1502 981 rapuit,

237 986 324 1028 alia
356 986 556 1040 optavit.“
603 986 697 1026 ideo
731 985 1065 1039 circumscriptio
1098 988 1173 1026 est.
1220 999 1356 1039 neque
1387 985 1501 1026 enim

236 1058 438 1098 umquam
477 1044 711 1085 decurritur
749 1043 801 1084 ad
837 1043 946 1084 hanc
977 1043 1134 1097 legem,
1175 1042 1259 1083 nisi
1291 1056 1384 1084 cum
1414 1056 1501 1083 rec-

239 1105 330 1142 tum
367 1103 433 1143 ius
470 1101 662 1155 nequitia
700 1101 916 1142 exclusum
954 1103 1029 1141 est.
1090 1101 1127 1142 si
1163 1114 1248 1141 non
1286 1100 1396 1142 alius
1435 1115 1502 1141 ra-

238 1160 421 1213 puisset,
465 1173 515 1200 ex
551 1161 678 1213 pacto
715 1158 1076 1212 reprehenderem.
1143 1157 1217 1199 sed
1251 1157 1362 1198 nihil
1397 1158 1502 1199 haec

240 1218 458 1259 cavillatio
500 1217 691 1270 proderit
733 1217 832 1270 tibi,
875 1230 958 1270 qua
1007 1216 1167 1258 crimen
1214 1215 1257 1256 in
1296 1219 1503 1270 'generum

241 1278 284 1316 et
314 1276 360 1316 in
391 1275 527 1316 filiam
557 1275 775 1316 transfers.
819 1288 918 1315 nam
946 1274 982 1315 si
1007 1274 1254 1328 apparuerit
1281 1273 1503 1326 iudicibus,

243 1333 386 1375 omnia
417 1335 460 1374 te
492 1334 660 1374 volente
691 1332 805 1374 facta
835 1346 945 1386 esse,
983 1332 1054 1386 qui
1085 1331 1335 1385 promisisti:
1371 1331 1503 1372 mani-

240 1392 399 1433 festum
431 1392 522 1444 erit,
554 1406 579 1432 a
609 1393 652 1432 te
678 1405 769 1432 csse
799 1390 1161 1443 circumscriptum
1188 1403 1295 1443 eum,
1326 1389 1399 1443 qui
1422 1389 1504 1430 tibi

240 1449 430 1491 credidit.

326 1507 464 1562 Igitur
501 1507 554 1548 ab
592 1507 717 1548 initio
754 1506 1072 1560 propensiorem
1115 1507 1158 1546 te
1194 1505 1325 1546 fuisse
1369 1504 1503 1558 diviti,

242 1579 328 1606 non
373 1565 684 1619 suspicionibus
728 1564 879 1619 probo,
926 1578 1015 1605 non
1059 1577 1121 1618 eo,
1163 1563 1274 1617 quod
1304 1562 1502 1604 credibile

237 1625 314 1664 est.
369 1625 496 1676 capta
538 1623 627 1664 filia
670 1625 762 1675 tua,
800 1636 926 1676 quam
965 1621 1149 1675 posuisti
1186 1619 1502 1663 condicionem?

236 1681 324 1722 eius
356 1680 556 1734 futuram,
589 1680 660 1734 qui
691 1680 941 1720 redemisset
974 1693 1046 1720 -ε
1081 1679 1122 1720 id
1155 1679 1324 1733 elegisti
1355 1678 1500 1720 discri-

235 1753 333 1780 men
363 1739 475 1780 inter
501 1738 605 1779 duos
630 1738 846 1791 petitores,
878 1736 988 1791 quod
1013 1736 1184 1778 facilius
1209 1738 1357 1790 posset
1381 1749 1503 1789 prac-

237 1798 349 1838 stare
381 1796 510 1838 dives.
571 1795 768 1849 deceptus
810 1809 853 1836 es
885 1795 927 1836 in
959 1795 1058 1836 hoe:
1097 1807 1175 1849 ego
1207 1793 1383 1848 redemi,
1421 1806 1501 1848 ego

237 1854 396 1895 reduxi.
458 1854 549 1903 Quo
588 1854 670 1895 alio
709 1853 834 1895 modo
876 1852 1042 1894 efficere
1073 1851 1270 1906 potuisti,
1312 1865 1366 1892 ne
1396 1851 1503 1892 mihi

239 1913 430 1966 nuberet,
461 1912 544 1952 nisi
575 1911 684 1953 hoc?
730 1911 823 1952 dico
856 1923 958 1964 ergo
989 1913 1065 1951 tua
1095 1910 1312 1951 voluntate
1342 1909 1502 1950 factum

342 2018 363 2048 3
391 2013 638 2058 conscriptum
663 2016 689 2046 B
708 2013 720 2057 ΙΙ
748 2017 790 2048 10
816 2012 1067 2057 coepisset
1091 2015 1120 2046 A
1138 2013 1151 2057 ΙΙ
1169 2011 1350 2056 coepisset
1373 2014 1419 2053 A,
1446 2021 1502 2045 ce-

242 2060 362 2105 pisset
385 2063 430 2104 B,
457 2071 547 2095 corr.
572 2061 647 2094 Aer
671 2061 683 2105 ΙΙ
711 2063 753 2094 13
779 2059 914 2094 fiducia
936 2062 963 2092 Β
987 2059 999 2103 ΙΙ
1027 2062 1068 2094 15
1093 2058 1290 2094 recurritur
1313 2059 1340 2090 Β
1359 2058 1371 2102 ΙΙ
1397 2060 1438 2091 17
1464 2058 1503 2091 te

239 2107 508 2151 prehenderem
533 2106 591 2141 Ro
621 2107 633 2151 11
666 2109 707 2141 18
733 2105 931 2141 cavellatio
955 2109 985 2139 A
1015 2106 1027 2150 ΙΙ
1057 2110 1102 2140 20
1127 2104 1191 2148 qui
1213 2104 1284 2139 tibi
1307 2114 1422 2148 prom.
1447 2106 1473 2136 Ρ
1491 2103 1504 2148 Η

241 2157 287 2188 24
314 2153 450 2188 credile
475 2156 505 2186 A
534 2154 547 2197 ss
578 2157 622 2188 26
647 2152 856 2187 redimisset
880 2155 910 2186 A
938 2153 951 2197 ss
981 2151 1091 2196 egisti
1114 2154 1141 2185 B
1171 2151 1183 2195 ΙΙ
1213 2154 1256 2186 28
1282 2150 1322 2184 in
1346 2149 1431 2195 hoc]
1459 2159 1502 2184 ac

240 2200 454 2244 21128-29
481 2209 569 2244 ergo
594 2198 733 2234 redemi
759 2210 827 2244 ego
852 2211 879 2233 r.
905 2201 1041 2232 AB--P
1060 2198 1071 2242 Η
1097 2202 1140 2232 29
1166 2197 1264 2241 quod
1288 2199 1328 2239 A,
1355 2196 1419 2240 qui
1444 2198 1470 2229 Β
1491 2194 1504 2241 ΙΙ

236 2250 280 2282 30
293 2257 343 2292 sq.
369 2246 507 2281 factum
535 2248 592 2282 est
616 2256 693 2280 esse
718 2249 744 2278 P
