1578 2470
140 742 181 774 10

138 1031 179 1062 15

133 1320 177 1351 20

131 1609 175 1640 25

210 104 297 146 404
689 107 988 149 QUINTILIANI

210 211 374 265 dilexit,
415 217 463 254 ut
491 214 604 266 patri
636 213 880 267 praeferret.
939 215 1079 269 potuit
1113 216 1193 258 tibi
1222 221 1460 261 controver-

210 270 316 311 siam
358 271 495 311 facere
539 271 588 312 de
630 272 792 325 nuptiis
829 272 932 314 iuris
973 274 1055 326 sui,
1098 274 1134 315 si
1164 274 1216 316 ad
1246 275 1461 331 ingratum

208 327 363 369 reverti
395 328 532 371 vellet.
593 329 693 383 quid
723 329 788 371 his
821 330 983 372 obicis?

324 385 532 441 „Patrem,
556 387 703 441 inquit,
729 387 843 429 alitf‘
873 388 1070 443 Accusas,
1093 389 1205 445 quod
1223 391 1459 434 miseretur.

209 445 374 496 patrem
402 445 459 485 ali
482 459 567 486 non
593 445 731 487 solum
757 448 938 500 oportet,
966 460 1114 489 verum
1139 448 1266 491 etiam
1290 463 1461 492 necesse

208 504 284 542 est.
331 500 439 556 „Sed
470 517 548 555 me,
579 503 732 557 inquit,
762 503 899 557 perire
931 504 1102 546 voluit.“
1147 506 1310 562 Ecquid
1339 508 1458 562 igno-

208 559 344 612 scitis,
387 560 562 614 iudices,
604 561 639 602 si
682 561 814 602 talem
853 562 1017 616 oderat,
1060 564 1133 618 qui
1169 567 1268 607 ante
1307 579 1460 620 cogno-

206 617 356 658 verat?
404 632 505 659 nam
535 618 640 660 haec
671 619 899 673 ignoravit.
959 620 1096 674 perire
1126 622 1263 664 voluit
1291 623 1462 665 merito:

206 689 419 728 rapueras.
481 677 550 717 lex
579 679 621 718 te
654 676 889 731 occidebat,
923 692 1009 719 non
1039 679 1163 721 huius
1193 681 1327 735 pater.
1387 682 1461 723 sed

208 747 294 774 non
337 733 513 775 defendo
557 734 699 789 illum,
741 735 812 789 qui
847 750 934 776 non
965 736 1017 778 ad
1054 739 1096 778 te
1128 738 1254 780 venit.
1313 738 1459 782 Pecca-

205 790 387 844 v<er>it:
412 792 596 847 †idem†
615 795 657 833 te
682 807 768 835 non
792 795 932 848 rogat:
963 794 1096 836 filiam
1118 798 1256 850 rogat,
1279 797 1321 837 te
1346 811 1462 839 uxor.

204 863 355 903 nempe
392 849 497 891 haec
535 851 572 891 ei
613 851 722 904 petit
752 851 892 892 cibum
924 852 1032 906 seni,
1069 853 1136 894 cui
1167 853 1296 895 alieni
1325 854 1460 908 porri-

205 911 322 960 gunt.
366 922 442 949 nec
474 908 655 949 multum
686 911 762 960 est,
793 909 905 963 quod
938 909 1071 965 detur,
1103 914 1145 952 et
1168 911 1273 953 haec
1298 912 1459 953 miseri-

205 978 297 1005 cors
341 968 416 1006 est.
484 966 556 1007 sed
600 967 792 1020 expellis,
836 970 877 1008 et
896 1001 901 1009 ,
921 982 1015 1008 cum
1057 971 1179 1022 patre
1222 969 1461 1011 mendicare

206 1023 335 1075 cogis.
385 1037 472 1064 non
503 1037 546 1064 es
578 1024 802 1078 ingratus?
837 1037 937 1078 ergo
970 1026 1287 1068 matrimonium
1318 1027 1459 1080 eripis.

207 1080 334 1133 quid?
367 1081 478 1134 quod
509 1082 828 1126 matrimonium
858 1083 962 1124 iuris
989 1083 1082 1124 sui?
1115 1086 1285 1137 poterat
1309 1084 1460 1126 iniusti

202 1138 367 1192 repudii
394 1153 531 1193 agere,
564 1139 657 1192 <si>
670 1140 810 1181 vellet.
857 1141 1109 1194 „inimicum,
1141 1142 1294 1196 inquit,
1318 1157 1459 1184 meum

204 1195 408 1237 alebatf‘-
442 1196 639 1238 miraris?
689 1198 928 1239 misericors
960 1200 1042 1239 est:
1075 1202 1117 1240 et
1146 1199 1228 1241 hoc
1259 1200 1461 1242 accusas}>

203 1253 351 1294 forsan
389 1268 476 1295 non
519 1269 742 1308 personam
792 1255 1054 1308 aestimavit,
1104 1256 1177 1298 sed
1223 1257 1460 1309 fortunam3

203 1315 268 1352 est
310 1312 390 1353 hoc
430 1312 583 1353 vitium
619 1313 754 1354 illius:
796 1327 932 1367 nuper
967 1317 1010 1354 et
1047 1315 1230 1368 raptoris
1269 1316 1462 1357 miserita

202 1373 278 1410 est.
341 1370 413 1410 sed
455 1370 555 1424 quid
596 1373 687 1411 tam
727 1371 849 1412 valde
887 1372 969 1412 iste
1009 1372 1217 1425 peccavit,
1259 1375 1307 1414 ut
1353 1373 1462 1414 mori

201 1427 383 1468 debeat?
414 1442 525 1482 „me‚
556 1429 711 1482 inquit,
742 1429 881 1482 perire
912 1429 1081 1470 voluit.“
1117 1430 1317 1484 Imitaris‚
1349 1431 1460 1484 quod

201 1485 357 1539 arguis.
419 1499 520 1540 ergo
564 1486 784 1540 peccavit?
834 1486 946 1528 idem
988 1487 1106 1530 facis.
1163 1487 1460 1530 crudelitatem

202 1544 244 1583 et
287 1557 458 1585 accusas
503 1546 545 1584 et
589 1544 784 1585 imitaris.
853 1545 925 1585 sed
968 1545 1039 1586 ille
1082 1546 1253 1587 merito:
1304 1546 1459 1601 quippe

201 1605 428 1654 raptorem.
489 1605 593 1655 puta
623 1616 838 1656 peccasse:
884 1602 1108 1657 satisfecit,
1150 1606 1292 1658 rogat,
1329 1604 1459 1646 miser

201 1661 282 1700 est:
321 1659 466 1700 hostes
499 1674 663 1714 quoque
694 1662 884 1714 parcunt.
940 1660 1118 1715 denique
1148 1661 1254 1703 haec
1285 1661 1459 1703 meruit:

198 1715 308 1757 hanc
339 1717 513 1771 respice.
572 1717 657 1770 „Te
689 1731 867 1772 quoque,
898 1718 1050 1772 inquit,
1083 1719 1333 1760 abdicavit.“
1379 1718 1459 1760 Re-

201 1773 345 1828 linque
388 1774 727 1816 aestimationem
764 1775 846 1828 ipsi
890 1775 1045 1816 doloris
1083 1776 1166 1829 sui3
1210 1776 1319 1830 sine,
1363 1777 1459 1831 ipsa

202 1831 398 1873 vindicet.
461 1832 534 1873 sed
572 1847 645 1874 cur
690 1833 905 1874 vindicet?
954 1833 1104 1875 merito
1149 1833 1344 1876 abdicata
1382 1836 1459 1876 est.

291 1926 311 1956 3
338 1922 423 1956 hinc
448 1922 504 1957 Ro
531 1923 583 1967 116
609 1922 674 1957 sed
698 1933 756 1958 me
781 1921 910 1970 (ille),
936 1923 1011 1967 inq.
1038 1923 1094 1958 Ro
1112 1924 1124 1967 ΙΙ
1143 1923 1290 1969 ecquid]
1316 1925 1355 1959 et
1379 1924 1459 1968 quit

197 1971 261 2012 Aa,
287 1969 325 2002 et
349 1968 438 2013 quid
461 1971 486 2002 Β
505 1969 517 2013 ΙΙ
537 1973 557 2003 7
583 1968 630 2014 si]
654 1970 718 2013 qui
741 1972 767 2002 B
786 1970 799 2014 ΙΙ
817 1973 838 2004 8
863 1970 933 2004 hoc
958 1973 984 2003 B
1002 1971 1015 2014 ΙΙ
1035 1973 1170 2004 10-11
1195 1970 1459 2018 peccav<er>it

196 2014 254 2049 Ro
272 2015 284 2058 ΙΙ
305 2018 345 2049 11
384 2015 562 2058 fortasse*
585 2027 620 2059 p.
646 2014 726 2050 ille:
763 2017 800 2050 te
832 2027 866 2050 n.
898 2029 926 2051 r.
956 2018 968 2060 ΙΙ
1001 2019 1042 2050 12
1068 2015 1177 2061 petiti
1201 2028 1225 2061 p
1250 2017 1372 2052 cibum
1395 2019 1457 2060 Ba,

196 2060 307 2105 petiti
333 2061 455 2096 cibum
479 2064 527 2094 Bb
542 2065 567 2094 P
594 2063 607 2106 [Ι
638 2066 681 2096 14
707 2061 908 2106 expulisset
931 2073 1015 2097 cum
1039 2065 1066 2096 B
1091 2063 1103 2107 ΙΙ
1135 2066 1177 2097 15
1203 2062 1222 2098 ἕ
1247 2065 1293 2106 Δ,
1319 2063 1376 2098 est
1397 2063 1456 2107 ΒΗ

199 2111 240 2141 17
266 2106 353 2153 (si)
376 2107 439 2142 Bu
457 2109 468 2152 ΙΙ
487 2108 653 2151 iniquum
678 2111 730 2141 Aa
749 2109 761 2153 ΙΙ
781 2112 823 2143 19
848 2108 996 2143 fortuna
1013 2111 1040 2142 B
1059 2109 1071 2153 ΙΙ
1089 2112 1134 2143 20
1158 2108 1294 2143 miser
1311 2111 1341 2142 Δ
1358 2110 1371 2153 ss
1389 2109 1456 2143 mi-

199 2154 300 2188 serta
323 2156 405 2188 BaP
423 2155 435 2198 ΙΙ
454 2158 498 2188 22
527 2158 567 2188 Ν
595 2157 625 2188 Δ
642 2155 655 2198 Ι]
679 2154 730 2198 qd
753 2157 803 2197 Δ,
829 2153 914 2198 quid
940 2158 966 2188 Β
986 2155 998 2200 ΙΙ
1017 2158 1062 2189 24
1086 2155 1124 2190 et
1147 2165 1223 2190 ace.
1249 2154 1312 2190 sed
1334 2158 1361 2189 B
1379 2155 1392 2199 ΙΙ
1411 2158 1455 2190 25

195 2201 304 2244 puter
326 2202 352 2233 Β
371 2201 384 2244 ΙΙ
404 2205 446 2235 26
471 2201 541 2236 hoc
565 2203 591 2234 B
610 2202 622 2244 ΙΙ
641 2204 685 2235 27
712 2200 885 2236 abdicant
907 2204 935 2235 Β
953 2202 966 2246 ll
984 2204 1027 2236 28
1053 2200 1130 2246 ipse
1154 2203 1228 2245 AB,
1253 2211 1343 2237 corr.
1370 2201 1424 2237 Gr
1442 2201 1454 2246 ΙΙ

199 2250 242 2280 29
268 2246 407 2281 iudicet
432 2248 495 2282 sed
522 2258 584 2282 cur
609 2259 641 2283 v.
667 2249 694 2280 Β
