1578 2470
157 870 200 902 10

162 1275 203 1306 15

161 1634 204 1665 20

221 93 306 134 416
697 94 992 136 QUINTILIANI

223 199 344 241 set‘?“
375 200 411 241 si
442 214 508 241 me
538 200 795 256 interrogas:
827 204 1053 256 occupatus
1085 217 1190 257 sum,
1219 217 1305 245 non
1330 203 1477 258 audi03

224 258 260 299 si
290 257 491 311 patriam:
535 258 725 300 desertor
756 262 830 300 est.
891 260 1117 314 quaedam,
1153 261 1327 315 iudices,
1363 275 1474 303 com-

222 315 389 370 paratio
423 316 587 357 minuit.
629 331 704 370 per
735 331 780 358 se
805 317 972 359 crudele
997 317 1090 373 fuit,
1119 318 1256 372 perire
1281 319 1476 361 fratrem:

225 373 298 414 sed
330 375 623 428 comparatum
654 374 771 428 mihi,
802 375 1034 420 tolerabile.
1095 376 1195 430 quid
1225 377 1355 431 ergo?
1397 390 1476 432 ego

223 430 457 485 perissem?
506 431 730 486 „fram-em,
761 433 913 487 inquit,
947 433 1151 475 servavi.“
1194 433 1336 489 itaque
1367 449 1479 477 nunc

224 489 356 530 frater
386 491 430 530 te
462 490 648 532 abdicat:
684 490 759 531 ille
791 491 982 532 beneficii
1014 492 1195 546 gratiam
1227 491 1366 547 debet,
1399 506 1477 547 ego

225 547 389 601 peccati
420 562 612 602 poenam.
662 548 735 589 sed
768 549 896 603 quid?
927 549 964 590 si
995 563 1082 591 non
1107 549 1263 603 pietate
1286 550 1479 603 servasti,

225 604 299 646 sed
330 607 376 646 ut
400 620 468 647 me
493 605 732 648 occideres?
764 609 971 661 quantum
996 608 1040 648 in
1063 610 1106 649 te
1130 607 1224 661 fuit,
1254 607 1478 650 damnatus

226 677 331 704 sum.
372 663 566 718 ,‚Adfui“‚
597 664 746 719 inquit.
795 665 969 720 Alioqui
1000 665 1253 708 abdicareris
1283 666 1479 708 tantum?

693 858 1017 905 GCGLXXVI.

226 962 487 1016 Expositus
526 963 714 1006 iuratus
751 965 810 1007 ob
841 965 1031 1019 nuptias
1061 964 1327 1008 educatoris
1358 964 1484 1007 filiae

677 1044 1032 1099 <abdicandus>.

340 1126 359 1143 ἡ

229 1147 407 1196 Quidem
438 1148 625 1190 moriens
657 1149 928 1203 adulescenti,
960 1164 1085 1203 quem
1115 1165 1191 1204 pro
1222 1150 1310 1192 filio
1337 1151 1480 1192 educa-

344 1209 476 1261 verat,
507 1206 786 1248 indicaturum
821 1221 865 1248 se
896 1222 1019 1249 veros
1045 1210 1243 1262 parentes
1262 1208 1484 1262 pollicitus

348 1267 429 1318 est,
474 1265 510 1306 si
547 1265 731 1307 iurasset
767 1279 811 1306 se
847 1265 997 1319 filiam,
1041 1280 1166 1320 quam
1205 1266 1484 1320 relinquebat,

346 1322 571 1363 ducturum
602 1337 789 1364 uxorem.
832 1323 989 1364 iuravit
1020 1323 1277 1366 adulescens.
1318 1324 1392 1366 ille
1423 1324 1486 1366 de-

345 1381 471 1422 cessit.
505 1383 604 1434 post
635 1384 817 1423 mortem
844 1381 1082 1423 educatoris
1107 1396 1132 1423 a
1155 1382 1342 1423 naturali
1365 1384 1487 1436 patre

346 1441 550 1492 receptus,
583 1439 685 1493 quia
714 1453 799 1480 non
829 1439 923 1480 vult
953 1440 1100 1481 orbam
1131 1440 1307 1482 divitem
1338 1440 1487 1482 ducere

346 1510 538 1550 uxorem,
571 1497 803 1538 abdicatur.

641 1623 1019 1666 DECLAMATI
1034 1624 1080 1666 Ο.

317 1715 502 1758 Abdicas
541 1718 629 1757 tam
669 1717 780 1758 cito?
830 1717 867 1758 si
902 1731 990 1758 non
1022 1732 1137 1759 eram
1167 1717 1360 1772 idoneus,
1402 1718 1489 1759 non

231 1788 348 1815 eram
387 1774 665 1827 recipiendus.
728 1777 816 1815 tam
854 1775 1008 1830 exiguo
1040 1780 1230 1830 tempore
1262 1775 1363 1830 quid
1392 1790 1489 1830 pec-

232 1847 326 1874 care
358 1832 507 1886 potui?
540 1832 711 1873 etiamsi
742 1833 841 1886 quid
866 1833 1048 1886 peccavi,
1080 1834 1271 1887 ignosce:
1302 1834 1489 1875 nondum

325 1960 347 1990 4
373 1968 442 2001 ego
468 1968 532 1992 om.
559 1961 584 1990 P
603 1959 724 2002 115—ss
750 1956 846 1994 nunc
870 1958 1023 1993 fratrem
1048 1958 1196 1994 abdicat
1219 1961 1245 1992 B
1264 1959 1276 2003 ΙΙ
1296 1962 1315 1994 ‘1
1340 1959 1492 2003 peccavi

232 2005 258 2036 B
283 2004 296 2047 ΙΙ
319 2003 453 2047 pietati
477 2002 622 2038 servisti
647 2007 730 2049 AB,
762 2015 852 2041 corr.
879 2005 948 2040 Sch
975 2006 987 2051 Η
1011 2007 1031 2039 8
1057 2005 1233 2040 occideris
1257 2007 1322 2039 ΔΒ
1347 2006 1360 2050 ΙΙ
1384 2008 1404 2040 9
1428 2007 1492 2040 tffi

232 2052 275 2092 B,
300 2050 426 2085 tamen
450 2053 475 2083 P
505 2051 517 2094 ss
550 2054 590 2085 12
617 2050 931 2104 *<abdieandus>
959 2053 971 2096 ΙΙ
1004 2055 1138 2087 16-17
1170 2051 1263 2086 dixit
1285 2054 1368 2094 AB,
1400 2062 1490 2087 corr.

232 2096 307 2130 Aer
325 2097 336 2141 ΙΙ
357 2100 399 2131 18
426 2101 448 2140 q
473 2102 498 2130 13
525 2100 566 2140 Δ,
591 2109 614 2142 ᾳ,
639 2108 686 2131 an
708 2100 746 2140 B,
773 2098 835 2141 qui
860 2099 944 2132 ante
970 2101 1006 2140 Ρ,
1031 2108 1120 2133 corr.
1145 2098 1220 2133 Aer
1237 2099 1250 2143 ΙΙ
1277 2101 1412 2133 16-19
1437 2097 1491 2132 iu-

233 2142 330 2177 ravit
360 2143 582 2180 adulescens.
626 2143 690 2178 ille
722 2143 886 2179 decessit.
930 2146 1016 2189 post
1045 2145 1201 2179 mortem
1231 2143 1435 2179 educatoris
1470 2155 1492 2179 a

232 2188 394 2223 naturali
418 2191 523 2234 patre
549 2191 736 2234 receptus,
769 2190 856 2235 quia
880 2202 952 2225 non
977 2191 1058 2225 vult
1089 2191 1216 2226 orbam
1249 2189 1402 2225 divitem
1427 2190 1493 2224 du-

218 2245 315 2270 ·cere
339 2246 488 2270 uxorem
514 2247 579 2271 om.
606 2240 664 2270 Aa
682 2238 694 2282 ΙΙ
713 2240 754 2270 21
778 2237 802 2282 ⁷*
817 2237 968 2272 abdicat
992 2239 1057 2270 AB
