1578 2470
471 126 896 182 DECLAMATIONES.
925 124 1108 163 CCCLXI.
1337 126 1423 169 393

662 258 894 323 sERMo.

226 342 610 400 Circumscriptam
644 358 688 386 se
719 359 853 386 nurus
887 345 1088 398 queretur
1121 346 1164 386 et
1194 343 1242 385 in
1267 343 1421 386 ultimo

138 406 328 459 quaeret,
359 404 406 446 in
432 418 560 459 quem
590 418 717 446 usum
749 418 857 446 anus
890 404 1036 446 dotem
1068 403 1291 446 desideret.

150 512 152 515 y
227 462 393 506 Contra
424 463 500 506 illa
531 463 655 516 dicet,
685 463 797 505 hanc
821 463 1045 505 mulierem
1073 463 1352 505 ambitiosam
1379 465 1422 504 et

133 523 359 579 profusam
377 522 533 566 fuisse:
552 537 641 565 non
659 522 836 566 minime
856 524 1089 578 propterea
1109 522 1163 565 ad
1183 524 1420 579 egestatem
1448 533 1469 565 5

134 583 390 638 perductum
422 582 574 625 virum.

555 699 1005 744 DECLAMATIO.

223 783 371 827 Nurus
411 786 583 840 oportet
621 799 647 827 a
683 785 777 828 viro
812 785 957 828 dotem
989 787 1175 842 repetat,
1219 799 1366 827 socrus
1400 799 1425 826 a

133 844 408 899 patrimonio.

661 962 903 1007 OGOLXI.
1453 975 1495 1008 10

402 1045 624 1101 Depositi
655 1046 785 1101 rapti
817 1045 1159 1101 quadruplum.

133 1128 222 1180 QUI
241 1141 510 1173 DEPOSITUM
528 1142 830 1186 PERDIDERIT‚
851 1142 992 1172 IURET
1020 1142 1080 1172 ΕΤ
1109 1142 1197 1173 SIBI
1222 1142 1424 1174 HABEAT.

252 1187 437 1238 Quidam
464 1205 561 1232 cum
589 1190 832 1245 depositum
857 1190 974 1233 furto
997 1190 1228 1245 amisisset,
1254 1190 1423 1233 iuravit.

252 1251 406 1303 postea
454 1249 594 1292 furem
638 1250 879 1293 damnavit:
933 1250 1080 1306 exegit
1123 1249 1425 1305 quadruplum.

255 1307 454 1351 dominus
486 1308 570 1351 hoc
603 1324 772 1365 quoque
804 1309 926 1364 petit.
1452 1320 1494 1352 15

552 1426 1004 1470 DECLAMATIO.

223 1509 346 1553 Meae
381 1511 588 1566 pecuniae
621 1511 808 1553 accessio
843 1510 897 1552 ad
928 1525 996 1552 me
1027 1511 1227 1566 pertinet.
1290 1511 1424 1567 quid?

135 1569 173 1612 si
211 1570 326 1612 enim
364 1571 564 1626 cognitor
602 1584 742 1626 meus,
787 1570 919 1626 quid?
971 1570 1007 1612 si
1046 1573 1304 1625 procurator
1340 1570 1423 1613 hoc

133 1629 249 1672 idem
280 1629 571 1686 respondeat?
612 1630 813 1685 denique,
847 1629 977 1685 quid?
1023 1631 1060 1672 si
1092 1630 1323 1672 damnatus
1355 1630 1424 1673 fur

133 1703 224 1732 non
248 1691 394 1732 totum
420 1689 653 1732 solvisset?
699 1704 852 1745 nempe
892 1703 1035 1731 meum
1075 1690 1279 1732 damnum
1319 1693 1423 1733 erat.
1450 1689 1495 1721 20

132 1763 189 1790 an
217 1749 431 1792 iacturam
457 1749 592 1792 debeo
620 1750 791 1804 sentire,
824 1749 1115 1791 accessionem
1140 1764 1229 1792 non
1257 1749 1423 1792 debeo?

133 1821 214 1864 ego
248 1809 364 1851 enim
396 1824 422 1851 a
453 1811 496 1851 te
527 1810 701 1865 recessi,
732 1823 829 1851 cum
862 1809 1029 1852 iurasti.
1078 1809 1167 1851 iam
1199 1823 1297 1851 cum
1329 1810 1423 1851 fure

133 1867 244 1910 mihi
282 1868 508 1924 negotium
549 1871 631 1910 est:
676 1868 748 1911 hic
787 1868 995 1924 quidquid
1029 1868 1226 1924 solverit,
1269 1869 1323 1911 ad
1355 1883 1423 1911 me

131 1927 333 1982 pertinet.

664 2044 896 2088 SERMO.
1451 2046 1495 2078 25

230 2126 394 2171 Contra
425 2127 501 2171 ille
534 2142 611 2170 suo
643 2128 818 2170 nomine
849 2129 989 2183 egisse
1017 2143 1061 2170 se
1088 2128 1219 2171 dicet:
1250 2129 1424 2172 investi-

231 2238 252 2269 2
279 2233 560 2278 circumscripta
585 2236 612 2268 B
639 2236 651 2279 {l
682 2234 850 2279 queritur
874 2238 900 2268 B
919 2237 932 2280 ΙΙ
962 2235 1001 2270 111
1027 2246 1093 2271 om.
1119 2238 1146 2269 B
1166 2237 1178 2281 ΙΙ
1209 2240 1230 2271 3
1257 2248 1308 2271 us.
1336 2238 1424 2271 ante

135 2280 211 2317 dot.
237 2284 264 2315 B
284 2282 296 2328 ΙΙ
315 2285 360 2318 20
388 2281 565 2316 damnum
589 2293 714 2317 meum
733 2285 759 2316 B
779 2284 791 2326 ΙΙ
811 2286 854 2317 21
885 2283 970 2318 iact.
998 2282 1177 2319 debemus
1204 2284 1326 2319 sentB
1347 2285 1358 2330 Η
1378 2287 1422 2319 22

134 2339 203 2374 ego
229 2328 320 2364 olim
347 2340 369 2364 a
394 2329 452 2366 Ro
470 2331 482 2374 ΙΙ
502 2332 546 2365 23
574 2329 736 2365 solveret
759 2333 786 2364 B
