1604 2488
214 100 302 154 248
706 111 1003 154 QUINTILIANI

220 232 410 260 summae
458 219 520 260 rei
552 218 795 260 discrimen:
836 218 938 260 satis
970 220 1112 260 tamen
1144 219 1262 261 iusta
1292 218 1482 262 defensio

221 276 447 318 videretur.

309 333 460 375 Adhuc
491 337 634 376 tamen
660 334 834 388 propius
869 333 1064 376 accedere
1090 335 1143 376 ad
1166 335 1481 390 interpretatio-

216 405 314 432 nem
360 392 469 446 legis
506 392 603 434 volo
643 395 700 446 et,
739 395 945 446 quatenus
984 406 1083 446 pars
1120 392 1286 435 diversa.
1321 394 1480 448 scripto

170 461 189 490 5
219 450 489 505 innit<it>ur,
522 451 651 492 etiam
677 451 772 504 ipsa
797 450 925 491 verba
950 450 1139 492 scrutari.
1183 451 1282 506 quid
1305 452 1476 494 tandem

218 507 319 549 dicit
350 507 449 549 lex?
504 509 618 562 »qui
650 508 708 550 ab
739 508 887 550 hoste
919 510 1223 562 provocatus
1253 523 1351 551 non
1389 524 1477 564 pu-

218 566 496 621 gnaverit«
542 567 595 608 ab
626 566 749 608 hoste
780 566 924 621 igitur,
954 580 1039 607 non
1072 580 1097 607 a
1126 566 1358 622 transfuga.
1401 582 1478 609 nec

217 637 420 679 umquam
458 624 681 666 habuerim
718 624 830 666 hunc
868 637 946 678 ego
983 624 1267 678 perditissimo
1305 626 1475 679 parrici—

217 681 296 723 dae
339 681 563 736 honorem,
606 685 653 724 ut
689 682 810 723 illum
850 682 894 723 in
929 696 1105 724 numero
1134 696 1292 736 ponam
1332 697 1476 725 eorum

146 750 190 781 10
218 739 457 794 hominum,
495 741 565 794 qui
602 755 679 794 pro
720 755 765 781 re
796 740 968 794 publica
999 754 1092 794 sua,
1129 740 1201 795 qui
1229 754 1308 795 pro
1338 742 1478 795 patria

216 799 478 852 pugnabant.
540 798 599 839 Et
637 799 672 839 si
709 799 838 840 verba
874 798 970 853 ipsa
998 798 1230 852 intuemur,
1260 798 1342 840 hoc
1373 799 1478 840 satis

216 859 297 897 est:
352 856 388 898 si
427 871 529 898 vero
578 857 854 910 introspicere
903 856 1166 898 voluntatem
1208 855 1480 911 voluerimus,

215 913 364 967 ecquid
395 915 669 956 manifestum
701 916 777 968 est,
807 929 895 956 non
925 915 1006 956 hoc
1037 914 1219 956 sensisse
1248 914 1390 969 legum
1420 915 1479 956 la-

214 974 370 1025 torem,
412 975 461 1013 ut
504 972 594 1014 ulla
632 973 886 1014 necessitate
922 976 1070 1026 posset
1106 972 1200 1027 cogi
1230 974 1351 1026 pater
1382 986 1477 1014 cum

143 1040 187 1070 15
213 1029 303 1072 filio
336 1030 569 1072 dimicare?
610 1045 664 1072 an
694 1044 794 1072 vero
826 1031 875 1083 is,
906 1030 978 1084 qui
1010 1030 1180 1084 scripsit
1210 1030 1476 1084 »hostem«,

215 1101 301 1129 non
331 1088 500 1130 videtur
531 1088 750 1143 scripsisse
782 1087 998 1130 alienum?
1042 1102 1207 1129 summa
1236 1087 1316 1129 hac
1343 1089 1477 1130 nomi-

215 1146 281 1187 nis
323 1147 471 1200 utique
507 1146 674 1188 minora
716 1146 960 1200 complexus
998 1149 1072 1187 est.
1131 1159 1219 1187 non
1249 1158 1350 1200 ergo
1382 1147 1479 1200 cogi

215 1207 362 1257 potest
393 1204 616 1258 quisquam
648 1205 754 1259 lege,
785 1207 833 1245 ut
864 1218 958 1245 cum
991 1204 1079 1245 filio
1111 1217 1187 1245 suo
1217 1206 1391 1258 pugnet.

302 1261 385 1304 Hic
423 1265 568 1303 tamen
602 1276 690 1304 non
727 1261 969 1303 defendetur
1000 1261 1187 1303 adfectus
1225 1263 1268 1302 et
1297 1262 1477 1315 pietatis

147 1330 190 1361 20
221 1320 501 1362 simulatione.
562 1334 664 1375 »ego
703 1334 815 1373 vero,
846 1320 1004 1374 inquit,
1046 1319 1250 1374 pugnavi3
1287 1319 1359 1361 sed
1393 1334 1476 1374 quo

215 1378 340 1420 modo
395 1392 585 1433 pugnare
642 1378 870 1433 oportebat
922 1380 1125 1420 vestrum·
1165 1378 1477 1432 imperatorem.
1511 1414 1514 1415 ⁷

214 1437 340 1478 unius
373 1437 626 1491 sanguinem
658 1436 831 1492 exigitis
857 1451 930 1478 -ε
963 1436 1192 1488 exercitum
1218 1435 1358 1478 cecidi.
1399 1451 1477 1490 par

215 1494 500 1548 gladiatorum
539 1495 678 1536 simile
714 1495 947 1548 postulatis
990 1509 1064 1535 —:
1110 1493 1244 1536 totius
1289 1494 1477 1553 civitatis

214 1552 438 1594 victoriam
469 1553 610 1594 retuli.
658 1556 877 1594 numerate
903 1553 1057 1607 spolia:
1089 1554 1131 1593 et
1156 1552 1392 1606 aestimate,
1423 1566 1478 1593 an

143 1620 187 1652 25
215 1609 407 1652 damnari
439 1611 672 1664 debuerim,
713 1611 813 1665 quia
840 1611 938 1665 ‘plus
970 1610 1176 1666 praestiti.
1238 1623 1346 1664 quae
1377 1613 1478 1651 sunt

214 1668 338 1722 enim,
372 1682 478 1722 quae
510 1669 578 1710 lex
608 1669 827 1722 postulet?
859 1669 936 1710 illa
968 1667 1137 1722 quidem
1168 1680 1356 1722 pugnam
1383 1670 1477 1709 tan-

212 1726 432 1768 tummodo
465 1741 614 1768 meam.
666 1729 956 1768 verumtamen
987 1725 1155 1767 videtur
1185 1725 1364 1767 tacitum
1394 1725 1475 1767 hoc

214 1785 439 1826 scribentis
482 1785 612 1826 fuisse
659 1787 824 1839 votum,
864 1787 911 1826 ut
948 1786 991 1825 et
1026 1783 1164 1825 hostis
1203 1782 1475 1825 occideretur.

212 1847 439 1898 utrumque
470 1843 686 1897 praestiti:
728 1846 770 1884 et
801 1855 880 1897 ego
911 1842 1101 1896 pugnavi
1133 1844 1176 1883 et
1206 1841 1279 1882 ille
1310 1841 1474 1883 occisus

138 1912 182 1942 3ο
214 1903 288 1942 est.
331 1901 401 1943 scd
425 1915 512 1943 non
539 1901 760 1956 continget
784 1915 834 1942 ea
858 1899 1146 1955 perditissimo
1166 1899 1321 1953 iuveni,
1346 1913 1475 1954 quam

215 1959 458 2014 quaerebat,
489 1959 659 2015 invidia,
690 1963 738 2001 ut
768 1958 983 2001 videretur
1016 1952 1172 2000 scstre
1204 1956 1386 2011 occisus,
1427 1960 1477 1998 ut

304 2065 326 2095 4
353 2062 569 2107 quatinus
601 2064 630 2095 Δ
660 2063 672 2106 ΙΙ
703 2060 875 2096 scribitur
898 2064 924 2095 B
956 2063 966 2106 ΙΙ
998 2065 1018 2095 ὅ
1043 2059 1181 2095 innitur
1204 2063 1249 2103 Δ,
1274 2059 1411 2116 Qnitar
1434 2062 1473 2100 B,

208 2130 296 2155 corr.
327 2119 378 2154 Pi
402 2121 413 2165 ΙΙ
442 2124 462 2155 8
489 2131 557 2165 ego
582 2130 649 2164 pro
675 2119 775 2165 perd.
802 2121 898 2164 3119
923 2130 1080 2164 poenam
1104 2121 1130 2151 B
1149 2119 1161 2163 1}
1182 2121 1224 2152 10
1247 2117 1326 2162 reip
1350 2119 1380 2151 Δ
1398 2118 1411 2162 ΙΙ
1431 2121 1473 2151 13

208 2167 301 2201 haec
327 2166 415 2210 quid
440 2170 489 2210 Δ,
522 2168 559 2201 et
585 2166 674 2211 quid
697 2169 723 2200 P
748 2167 760 2210 Ι]
787 2170 830 2200 14
854 2166 971 2211 possit
993 2169 1020 2199 B
1050 2167 1062 2212 fl
1094 2168 1135 2199 19
1162 2163 1371 2199 defenditur
1394 2166 1472 2206 AB,

209 2224 299 2249 corr.
324 2212 382 2248 Ro
405 2214 418 2256 1}
442 2217 486 2247 20
513 2212 765 2249 simulationes
790 2215 843 2247 Aa
872 2214 884 2256 ΙΙ
914 2215 957 2246 21
984 2213 1088 2247 vffim
1112 2211 1200 2256 im‘p'
1222 2213 1252 2244 A
1276 2211 1289 2255 ΙΙ
1319 2214 1363 2245 22
1391 2220 1473 2244 san—

214 2259 325 2304 guine
350 2262 413 2293 AB
433 2261 444 2304 fl
463 2259 676 2294 exercitium
700 2262 801 2292 3-1>
820 2259 831 2303 ΙΙ
850 2262 893 2293 26
919 2258 979 2294 lex
1003 2268 1068 2294 om.
1094 2260 1146 2292 Aa
1163 2258 1176 2303 ῃ
1194 2256 1360 2302 postulat
1382 2259 1409 2290 B
