1560 2462
170 115 291 151 XXIV
652 77 937 153 PftAEFATIO.

318 213 392 251 Est
423 214 624 262 splendide
656 217 843 252 exornata
867 216 907 252 et
931 217 1126 263 congestis
1149 217 1323 265 priorum
1348 217 1425 255 edi-

321 280 452 314 torum
477 277 719 326 aliorumque
745 278 946 316 doctorum
970 279 1144 317 virorum
1163 276 1266 331 (Lat.
1285 280 1433 327 Latini,

319 343 398 379 nat.
427 342 536 379 1513
563 339 590 389 †
619 343 746 390 15933
785 341 846 379 Jo.
879 341 1130 392 Schultingii,
1166 344 1291 392 patris
1321 344 1430 382 illius

321 404 388 452 qui
406 416 506 442 anno
529 406 637 443 1659
664 407 780 442 natus
806 406 868 442 est
887 404 1139 456 Schultingii3
1164 406 1250 446 Pet.
1274 407 1428 445 Francii

319 470 399 505 nat.
427 470 537 506 1646
565 466 591 515 †
619 462 749 519 1704)
786 468 890 506 notis
922 471 962 506 et
993 468 1167 518 epistolis
1199 470 1294 508 satis
1325 482 1426 509 com-

320 532 451 578 moda,
482 535 657 570 ceterum
686 533 806 570 mirae
837 532 1122 581 neglegentiae.

178 596 288 633 1784
320 595 596 644 Bipontina,
627 596 700 644 „ad
725 596 891 644 optimas
917 595 1107 634 editiones
1127 596 1269 635 collata
1288 597 1428 634 studiis

321 659 517 697 societatis
547 656 818 708 Bipontinae“,
847 671 926 696 non
956 659 1126 696 multum
1155 659 1285 698 differt
1315 672 1338 698 a
1365 660 1427 698 Pi-

318 723 498 760 thoeana.

177 787 403 824 1821—25
436 786 617 824 Parisina
645 785 846 834 recognita
871 798 895 823 a
919 785 1156 825 Dussodio
1188 781 1432 838 (Dussault),

320 850 361 887 in
383 849 622 887 bibliotheca
646 850 809 887 classica
832 850 957 888 latina
980 862 1051 898 per
1069 850 1117 888 N.
1136 850 1181 888 E.
1211 850 1433 888 Lemaire

322 914 439 951 edita.
481 913 702 962 Expressit,
732 914 778 950 ut
802 913 858 950 ait
881 914 984 963 ipsa,
1018 914 1059 951 in
1083 913 1433 953 declamationibus

321 977 653 1014 Burmannianam
684 976 912 1025 editionem,
943 977 1126 1015 collatam
1151 989 1238 1015 cum
1258 977 1432 1016 Obrech-

322 1041 429 1079 tiana
454 1043 494 1078 et
517 1040 799 1079 vetustioribus
819 1039 1087 1088 quibusdam.“
1132 1040 1258 1079 Notas
1277 1053 1436 1090 quoque

321 1108 362 1143 et
398 1105 584 1154 epistolas
623 1117 646 1141 a
681 1103 908 1141 Burmanno
947 1103 1250 1142 communicatas
1289 1103 1435 1152 repetit

323 1170 363 1206 et
393 1168 627 1217 pleniorem,
665 1179 782 1216 quam
811 1166 868 1204 ibi
899 1169 977 1216 est,
1008 1167 1223 1205 editionum
1253 1167 1432 1204 tabulam

321 1231 514 1281 proponit.

324 1296 576 1344 Transcripta
601 1307 646 1333 ex
672 1295 744 1333 hac
775 1294 918 1333 dicitur
949 1306 1118 1344 summa,

180 1360 407 1398 1824—-26
441 1358 771 1408 Taurinensis,
803 1371 850 1396 cx
879 1358 984 1407 typis
1010 1358 1093 1396 Jos.
1124 1357 1284 1396 Pomba.

264 1424 400 1462 Novae
434 1422 614 1461 editionis
644 1422 795 1471 pridem
831 1422 1069 1460 desiderium
1106 1434 1191 1459 esse
1226 1433 1340 1460 nemo
1370 1434 1439 1459 ne·

177 1488 343 1538 gaverit.
391 1487 483 1524 Jam
508 1485 677 1524 Orellius
709 1481 768 1537 (in
800 1486 912 1535 epist.
943 1485 1079 1523 critica
1109 1485 1160 1523 ad
1182 1485 1435 1534 Madvigium,

177 1551 393 1601 praemissa
418 1549 615 1588 Ciceronis
636 1549 804 1597 Oratori,
829 1549 953 1586 Bruto
980 1550 1063 1595 etc.,
1090 1548 1223 1585 Turici
1244 1543 1436 1600 1830)*),

178 1615 365 1654 acerrime
395 1613 571 1651 invectus
601 1613 642 1650 in
672 1611 1020 1658 Burmannianam,
1058 1611 1108 1648 ad
1148 1611 1436 1659 suscipiendum

177 1680 218 1717 id
256 1691 354 1728 opus
386 1678 615 1716 exhortatus
646 1679 718 1714 est.
773 1675 933 1723 Suscepi
964 1677 1003 1712 et
1034 1675 1225 1723 quantum
1254 1674 1367 1722 potui
1395 1674 1436 1712 in

178 1741 412 1792 perficiendo
450 1753 495 1778 eo
533 1739 707 1778 studium
737 1738 970 1787 consumpsi.
1030 1737 1367 1776 Desiderabuntur
1398 1741 1438 1776 et

178 1805 508 1854 vituperabuntur
549 1815 627 1841 non
667 1803 794 1844 nulla:
837 1814 938 1851 quae
980 1801 1147 1839 maxime
1190 1813 1287 1850 opus
1324 1803 1441 1839 erant

178 1871 283 1908 facto
313 1869 449 1907 videor
478 1867 575 1905 mihi
603 1866 761 1915 fecisse,
799 1868 916 1914 atque
946 1865 1072 1903 habeo
1102 1877 1334 1913 persuasum
1365 1865 1438 1902 hac

180 1934 350 1971 editione
386 1944 464 1969 non
503 1930 618 1969 modo
655 1929 759 1979 quod
790 1929 1092 1967 declamationes
1129 1928 1317 1967 oblivioni
1358 1928 1438 1966 iam

179 2009 303 2046 paene
344 1995 472 2042 datas,
510 2006 608 2043 quas
646 2005 731 2032 esse
767 1993 892 2041 ipsius
924 1991 1154 2037 Quintiliani
1191 1992 1333 2029 abhinc
1355 1993 1438 2029 tres

181 2072 302 2099 annos
340 2057 620 2106 demonstravi,
666 2058 708 2095 in
745 2058 872 2095 lucem
914 2068 1049 2094 rursus
1085 2055 1233 2105 protuli
1267 2055 1439 2105 gratiam

275 2172 308 2215 *)
336 2169 436 2211 Quae
467 2167 627 2213 epistola.
650 2167 971 2211 ,‚emendationes“
1002 2166 1127 2211 prodit
1157 2165 1321 2209 „Almari
1344 2166 1439 2200 Ran-

183 2216 322 2262 coneti,
349 2215 589 2251 iureconsulti
611 2213 885 2259 Burdigalensis
912 2215 959 2258 (n.
989 2216 1076 2247 1498
1101 2215 1125 2253 †
1151 2213 1272 2256 1559),
1299 2223 1321 2247 a
1345 2211 1440 2247 Bon-

182 2263 305 2310 garsio
330 2261 488 2308 margini
511 2261 736 2296 Pithoeanae
761 2260 934 2295 editionis
960 2258 1198 2304 adscriptas.“
