1578 2470
418 115 844 153 DECLAMATIONES.
871 115 1068 152 CCCLXV.
1296 114 1382 157 397

611 258 869 304 CCCLXV.

443 356 514 400 De
544 357 593 401 vi
624 356 806 412 septem
837 354 1036 400 iudices·

98 454 170 498 DE
201 467 251 498 vl
283 465 465 497 SEPTEM
495 465 733 496 IUDICENT.
785 463 912 503 QUOD
945 463 1093 495 MAIOR
1127 462 1241 494 PARS
1266 463 1386 494 1UD1-

219 525 316 557 cun
355 525 632 568 sumnam,
668 523 786 555 meus
825 523 1070 555 PATIATUR.
1128 511 1226 554 Duo
1265 511 1385 567 igno-

219 574 400 616 miniam
433 574 690 627 statuerunt,
726 572 810 614 duo
844 571 1034 625 exilium,
1066 574 1156 613 tres
1188 573 1386 614 mortem.
1413 580 1433 612 5

218 633 380 689 petitur
412 632 467 675 ad
498 634 694 675 mortem.

511 763 969 807 DECLAMATIO.

189 859 364 911 »Quod
396 859 562 902 maior
585 873 724 914 pars,
755 859 910 915 inquit,
941 859 1166 901 iudicum
1193 861 1389 901 statue-

107 921 217 962 rit«
277 919 373 975 Ego
406 919 606 961 existimo
641 918 850 960 maiorem
882 921 1052 973 partem
1085 933 1196 972 esse,
1228 918 1274 959 in
1305 933 1390 974 qua

100 979 247 1035 plures
280 978 395 1020 idem
428 978 634 1032 sentiunt,
667 978 846 1020 eandem
878 992 1063 1032 poenam
1090 977 1391 1033 pronuntiant,
1418 985 1462 1018 10

100 1038 147 1081 in
190 1037 339 1081 eadem
383 1037 516 1079 verba
555 1037 711 1079 iurant.
782 1039 825 1079 et
862 1037 944 1079 hoe
988 1052 1138 1080 verum
1179 1051 1291 1093 esse,
1335 1037 1390 1080 ab

102 1098 211 1154 ipsis
249 1097 394 1140 verbis
433 1097 544 1152 legis
582 1096 715 1151 disee,
758 1111 940 1152 »quam
987 1111 1244 1152 poenam«.
1305 1111 1392 1139 non

101 1157 154 1199 de
185 1157 382 1212 pluribus
415 1156 655 1211 suppliciiS,
688 1156 761 1199 sed
788 1157 839 1197 de
866 1171 951 1199 uno
978 1157 1181 1212 loquitur.
1231 1156 1392 1198 etenim

101 1231 232 1259 nemo
281 1218 429 1272 potest
477 1215 605 1271 plura
655 1216 870 1271 supplicia
915 1231 1025 1258 unus
1065 1231 1224 1258 nocens
1269 1216 1391 1257 ferre.

105 1278 298 1318 scrutare
326 1278 369 1317 et
395 1275 482 1317 alia
507 1275 650 1317 verba.
695 1275 1021 1329 »statuerit«,
1053 1275 1203 1330 inquit.
1249 1289 1392 1317 nonne
1420 1284 1463 1316 15

105 1335 190 1377 tibi
233 1334 541 1377 consentientis
579 1349 657 1388 per
694 1335 840 1376 omnia
878 1335 1016 1389 partis
1060 1334 1179 1376 illius
1224 1334 1394 1376 videtur

107 1409 240 1439 unam
271 1408 422 1436 vocem
453 1393 702 1436 includere?
743 1407 903 1449 »quam
935 1409 1121 1448 poenam
1153 1394 1393 1448 statuerit«,

107 1453 152 1496 id
192 1457 275 1505 est,
314 1452 429 1508 quod
468 1467 602 1510 genus
641 1453 844 1508 supplicii
886 1453 1056 1508 placere
1090 1453 1173 1495 sibi
1204 1468 1394 1509 pronun-

107 1513 297 1568 tiaverit,
330 1527 414 1568 qua
444 1527 584 1568 poena
616 1515 842 1555 nocentem
875 1513 1002 1555 adfici
1033 1513 1232 1555 voluerit.

196 1571 304 1627 „Sed
349 1574 572 1627 quattuor,
616 1572 775 1628 inquit,
829 1572 990 1614 iudices
1041 1587 1109 1615 me
1159 1572 1396 1615 noluerunt
1421 1581 1466 1613 20

107 1631 256 1674 mori.“
297 1631 362 1674 Tu
395 1646 508 1674 nune
541 1632 720 1685 indicas,
751 1647 881 1687 quam
912 1647 1099 1687 poenam
1128 1633 1396 1686 transierint,

107 1707 195 1734 non
240 1706 371 1747 quam
415 1691 667 1734 statuerint:
712 1691 782 1732 lex
827 1693 971 1733 autem
1016 1695 1179 1734 certam
1219 1692 1396 1734 illorum

110 1750 375 1794 sententiam
408 1751 554 1806 exigit.
600 1750 701 1806 quid
728 1751 842 1793 enim
878 1751 997 1793 aliud
1024 1751 1199 1807 diceres,
1231 1752 1268 1793 si
1292 1766 1396 1794 non-

110 1810 212 1853 dum
250 1810 639 1866 pronuntiassent?
691 1811 726 1852 si
764 1814 1000 1867 negassent
1031 1811 1196 1867 liquere
1229 1811 1314 1853 sibi
1346 1811 1396 1853 de

111 1870 323 1925 supplicio
361 1869 467 1912 tuo‘?
520 1870 730 1926 numquid
769 1871 1007 1912 sententias
1039 1870 1214 1912 illorum
1247 1885 1396 1912 nume·
1423 1879 1468 1911 25

110 1929 260 1971 rates?
311 1929 500 1971 minime.
562 1929 718 1971 horum
752 1930 866 1971 enim
898 1931 1027 1971 trium
1058 1929 1146 1971 iam
1177 1930 1311 1972 verba
1343 1930 1397 1971 si-

113 1989 260 2044 gnavi:
303 1988 479 2030 illorum
525 1991 731 2043 quattuor
776 2003 884 2044 quae
929 1988 1143 2044 signabo?
1199 1989 1398 2031 dubitare

203 2133 223 2164 2
249 2129 337 2164 Divi
362 2131 389 2162 B
409 2130 421 2174 ss
450 2132 471 2163 3
498 2128 586 2164 Divi
610 2132 636 2162 B
656 2130 782 2174 113-4
807 2128 987 2164 iudicium
1014 2133 1043 2164 A
1062 2132 1074 2174 ΙΙ
1093 2134 1114 2166 8
1141 2130 1257 2177 quod]
1284 2141 1398 2175 quam

108 2187 271 2223 poenam
297 2176 356 2212 Ro
380 2187 446 2212 see.
474 2175 563 2219 Sem
588 2177 649 2212 sed
674 2177 720 2220 cf.
746 2188 777 2212 v.
799 2180 822 2213 3
847 2181 880 2212 et
904 2180 990 2220 399,
1011 2182 1033 2213 7
1058 2180 1070 2224 ΙΙ
1092 2181 1135 2213 14
1160 2178 1287 2223 plures
1314 2179 1398 2224 Am

111 2228 156 2261 16
183 2224 367 2260 censentis
392 2227 432 2267 Β,
469 2223 630 2259 censetis
657 2227 684 2258 P
708 2225 720 2270 ΙΙ
751 2224 878 2260 videre
902 2228 929 2259 B
949 2227 960 2272 ΙΙ
989 2229 1031 2261 19
1058 2237 1215 2270 poenam
1241 2228 1272 2260 A
1302 2227 1314 2271 ΙΙ
1345 2226 1399 2261 in-

109 2274 306 2308 nocentem
332 2275 359 2306 B
390 2272 402 2317 ΙΙ
434 2271 532 2307 effici
556 2274 584 2305 B
615 2272 627 2318 ΙΙ
659 2275 704 2308 20
730 2272 929 2308 voluerunt
954 2276 980 2307 P
998 2275 1011 2318 ΙΙ
1036 2277 1078 2308 21
1107 2273 1251 2309 iudicas
1275 2276 1303 2307 Β
1322 2274 1333 2319 ΙΙ
1353 2277 1399 2308 25

110 2323 203 2355 -26
228 2329 458 2355 numerasses
483 2322 510 2353 B
530 2319 541 2364 11
568 2323 612 2354 26
639 2319 800 2366 primum
827 2323 908 2362 AB,
942 2332 1033 2357 corr.
1061 2322 1136 2357 Aer
