1578 2470
172 716 214 746 10

171 1005 212 1036 15

170 1295 214 1325 20

172 1584 215 1615 25

172 1873 217 1904 30

244 80 329 122 340
722 81 1024 124 QUINTILIANI

239 187 352 229 xisse
377 189 604 229 contentus
631 202 736 242 sum,
768 188 1070 242 aequissimum
1095 189 1262 243 quidem
1287 205 1336 232 ac
1353 191 1498 233 iustis-

241 245 396 286 simum
421 259 523 299 esse,
548 247 596 286 ut
619 246 777 300 populo
804 246 925 287 detur
946 261 1110 288 summa
1128 261 1270 289 rerum
1287 251 1497 303 potestas:

241 303 462 344 consilium
499 306 643 346 tamen
682 318 768 345 non
798 303 944 358 utique
975 304 1104 346 turba
1139 319 1275 360 neque
1310 307 1498 348 tumultu

239 374 373 414 neque
411 361 621 415 angustiis
659 375 822 414 eorum,
859 362 930 416 qui
967 363 1255 418 consulantur,
1292 369 1497 406 constare.

240 418 405 459 utinam
437 419 605 472 quidem
635 420 728 461 fieri
758 422 914 473 posset,
954 422 1003 461 ut
1034 434 1085 461 ex
1114 420 1310 463 universo
1341 422 1497 476 populo

239 476 396 517 reicere
426 491 475 518 ac
500 477 677 532 seligere
701 477 849 519 liceret
874 491 959 530 eos,
990 478 1063 532 qui
1087 493 1237 532 parum
1259 479 1498 534 prudentes,

238 548 390 587 parum
421 534 541 588 digni
573 535 758 576 consiliis
791 535 974 589 publicis
999 535 1252 579 viderentur.
1300 537 1373 578 sed
1397 551 1498 591 quo-

238 592 352 633 niam
383 592 498 633 istud
523 592 779 646 deprehendi
804 593 888 634 nisi
912 594 1212 647 experimentis
1236 608 1323 636 non
1345 597 1498 650 potest,

239 649 289 691 de
332 650 398 690 his
443 650 611 691 demum
647 651 913 705 rogationem
948 650 1058 705 fero,
1095 652 1167 706 qui
1199 653 1359 707 experti
1389 655 1499 694 sunt.

240 708 357 761 atqui
397 708 434 749 si
470 708 550 750 hoc
588 708 699 763 apud
735 723 810 750 vos
849 723 934 750 non
969 709 1077 750 male
1114 710 1392 752 constitutum
1425 713 1500 764 est,

239 779 332 806 esse
376 766 560 821 aliquos,
601 767 673 820 qui
716 766 903 808 consiliis
943 767 1125 821 publicis
1168 767 1372 810 interesse
1414 782 1500 810 non

239 823 438 865 debeant:
470 824 557 865 iam
588 825 723 866 multo
754 824 922 866 facilius
961 839 1009 866 ac
1034 826 1207 879 pronius
1234 826 1326 880 erit,
1355 828 1404 867 ut
1428 826 1498 868 do-

239 895 357 922 ceam
393 881 471 923 hos
510 896 619 936 esse,
657 882 745 936 qui,
786 883 953 923 etiamsi
991 883 1118 924 utiles
1150 884 1337 925 consiliis
1369 883 1501 925 futuri

239 941 397 992 essent,
440 940 602 994 indigni
645 943 791 981 tamen
832 943 1010 994 propter
1059 941 1235 982 dedecus
1283 941 1499 995 proximae

238 997 415 1038 militiae
446 1000 577 1040 erant.

326 1054 389 1095 Ac
426 1055 532 1096 mihi
571 1055 616 1096 in
646 1055 750 1096 haec
782 1054 1006 1096 dividenda
1037 1054 1203 1098 videtur
1233 1056 1342 1098 ratio
1374 1056 1498 1098 istius

240 1112 459 1166 orationis,
489 1116 537 1154 ut
567 1127 667 1167 pars
695 1113 746 1153 ad
771 1113 900 1166 ipsos,
931 1113 981 1154 de
1008 1113 1158 1166 quibus
1184 1114 1348 1168 loquor,
1378 1128 1494 1168 spec-

238 1172 314 1224 tet,
346 1184 447 1224 pars
480 1171 533 1212 ad
563 1171 804 1212 universam
834 1185 924 1212 rem
955 1171 1180 1224 publicam.

328 1228 544 1269 Adversus
577 1229 684 1269 istos
715 1228 796 1269 hoc
827 1228 983 1270 dixisse
1015 1230 1236 1270 contentus
1269 1243 1378 1270 sum:
1411 1229 1500 1270 bel-

240 1285 328 1326 lum
373 1286 572 1328 adversus
608 1286 854 1339 Philippum
893 1286 1152 1340 suscepimus
1189 1301 1266 1340 pro
1303 1287 1500 1328 libertate

239 1344 374 1385 totius
406 1343 620 1398 Graeciae,
652 1358 728 1398 pro
761 1344 899 1386 salute
930 1345 1153 1386 communi.
1201 1359 1301 1385 nam
1333 1344 1502 1386 etiamsi

240 1402 285 1442 in
334 1403 576 1455 praesentia
625 1402 804 1443 amicam
850 1402 1083 1455 civitatem,
1131 1402 1355 1444 nobiscum
1397 1402 1501 1444 olim

241 1460 526 1514 coniunctam,
563 1460 674 1501 tueri
716 1459 980 1513 videbamur,
1018 1463 1191 1502 eventus
1221 1462 1366 1501 tamen
1396 1460 1500 1502 belli

241 1517 295 1558 ad
331 1531 478 1559 omnes
520 1518 778 1572 pertinebat:
820 1521 862 1559 et
897 1518 979 1559 hoc
1015 1518 1160 1572 nobis,
1201 1517 1498 1572 Athenienses,

244 1577 363 1616 vetus
396 1577 521 1630 atque
553 1591 578 1617 a
609 1575 839 1616 maioribus
865 1575 1070 1617 traditum
1096 1578 1172 1629 est,
1201 1590 1278 1629 pro
1304 1576 1501 1618 universa

242 1632 418 1674 Graecia
454 1635 578 1674 stare.
639 1633 699 1675 sic
730 1635 876 1674 contra
915 1633 1066 1675 Persas
1105 1634 1234 1675 semel
1266 1633 1500 1688 iterumque

240 1690 523 1744 pugnavimus
545 1705 593 1732 ac
617 1691 793 1744 privatis
819 1691 980 1732 viribus
1005 1691 1268 1732 defendimus
1287 1691 1500 1744 publicam

242 1748 433 1790 salutem.
482 1748 567 1789 iam
599 1749 731 1802 igitur
762 1763 810 1789 ex
842 1749 921 1790 hoc
947 1751 1125 1802 apparet
1149 1748 1340 1802 profecto
1366 1748 1500 1802 vobis,

240 1820 471 1860 numquam
518 1806 678 1847 maiore
730 1806 888 1861 animo,
942 1820 1174 1861 numquam
1223 1806 1499 1848 concitatiore

243 1863 394 1917 spiritu
425 1864 556 1904 fuisse
586 1864 874 1918 pugnandum.
910 1878 996 1906 non
1022 1865 1134 1905 enim
1159 1864 1280 1905 nobis
1307 1878 1402 1905 cum
1426 1863 1499 1906 110-

244 1921 391 1975 ste<e>
435 1921 616 1963 Graecia
657 1922 799 1976 aliquo
841 1936 909 1963 res
952 1924 1065 1976 erat,
1107 1922 1200 1975 ubi,
1244 1936 1499 1976 quamquam

337 2038 358 2069 4
383 2035 618 2070 consolantur
641 2039 668 2069 B
688 2037 738 2081 116
763 2037 803 2070 at
827 2035 858 2070 si
882 2036 1004 2081 legere
1030 2039 1056 2069 B
1075 2037 1087 2081 ss
1106 2039 1126 2070 9
1159 2035 1353 2079 experti
1377 2037 1406 2068 Δ
1425 2035 1436 2079 ΙΙ
1458 2039 1499 2069 10

243 2080 318 2116 tale
342 2084 428 2124 AB,
455 2092 544 2116 corr.
574 2081 646 2117 Obr
675 2082 686 2126 ΙΙ
720 2086 760 2116 12
786 2082 922 2116 multos
947 2085 1011 2115 AB
1043 2084 1054 2127 ΙΙ
1085 2086 1126 2117 13
1152 2082 1195 2116 110
1219 2084 1263 2125 Β,
1287 2081 1358 2116 1100
1381 2084 1407 2114 1²
1425 2082 1437 2126 ΙΙ
1458 2085 1500 2115 14

244 2129 348 2162 erant
372 2127 428 2162 Ro
447 2127 458 2171 ΙΙ
478 2131 521 2162 15
546 2127 711 2163 malitiae
735 2131 765 2161 A
789 2130 800 2173 fl
830 2132 872 2163 17
897 2139 980 2173 pars
1006 2139 1070 2163 om.
1095 2131 1122 2162 B
1139 2129 1153 2172 ΙΙ
1173 2131 1213 2162 19
1239 2127 1411 2163 adversos
1435 2129 1465 2160 Δ
1489 2127 1500 2173 Η

243 2177 288 2208 20
314 2173 538 2218 Phylippum
561 2178 610 2208 Ba
634 2175 645 2218 ss
673 2178 716 2209 26
742 2174 864 2218 gratia
888 2178 917 2208 A
935 2176 946 2220 ΙΙ
973 2178 1015 2209 31
1042 2174 1169 2210 Grecie
1194 2177 1234 2218 A,
1260 2173 1434 2209 Graeciae
1459 2176 1500 2218 B,

244 2230 334 2255 corr.
361 2220 436 2254 Aer
454 2220 466 2264 ΙΙ
485 2220 627 2264 aliquos
653 2220 787 2256 referat
811 2224 837 2254 B
