<?xml version="1.0" encoding="UTF-8"?>
<!DOCTYPE html PUBLIC "-//W3C//DTD XHTML 1.0 Transitional//EN"
    "http://www.w3.org/TR/xhtml1/DTD/xhtml1-transitional.dtd">
<html xmlns="http://www.w3.org/1999/xhtml" xml:lang="en" lang="en">
 <head>
  <title>
</title>
<meta http-equiv="Content-Type" content="text/html;charset=utf-8" />
  <meta name='ocr-system' content='tesseract 3.04.00' />
  <meta name='ocr-capabilities' content='ocr_page ocr_carea ocr_par ocr_line ocrx_word'/>
</head>
<body>
  <div class='ocr_page' id='page_1' title='image "./declamationesqua00quinuoft_0126.png"; bbox 0 0 1604 2488; ppageno 0'>
   <div class='ocr_carea' id='block_1_1' title="bbox 191 464 211 494">
    <p class='ocr_par' dir='ltr' id='par_1_1' title="bbox 191 464 211 494">
     <span class='ocr_line' id='line_1_1' title="bbox 191 464 211 494; textangle 90"><span class='ocrx_word' id='word_1_1' title='bbox 191 464 211 494; x_wconf 62' lang='lat'>0&#39;1</span> 
     </span>
    </p>
   </div>
   <div class='ocr_carea' id='block_1_2' title="bbox 169 753 211 783">
    <p class='ocr_par' dir='ltr' id='par_1_2' title="bbox 169 753 211 783">
     <span class='ocr_line' id='line_1_2' title="bbox 169 753 211 783; baseline 0 0"><span class='ocrx_word' id='word_1_2' title='bbox 169 753 211 783; x_wconf 88' lang='lat'>10</span> 
     </span>
    </p>
   </div>
   <div class='ocr_carea' id='block_1_3' title="bbox 167 1042 209 1072">
    <p class='ocr_par' dir='ltr' id='par_1_3' title="bbox 167 1042 209 1072">
     <span class='ocr_line' id='line_1_3' title="bbox 167 1042 209 1072; baseline 0 0"><span class='ocrx_word' id='word_1_3' title='bbox 167 1042 209 1072; x_wconf 80' lang='lat'>15</span> 
     </span>
    </p>
   </div>
   <div class='ocr_carea' id='block_1_4' title="bbox 169 1332 214 1362">
    <p class='ocr_par' dir='ltr' id='par_1_4' title="bbox 169 1332 214 1362">
     <span class='ocr_line' id='line_1_4' title="bbox 169 1332 214 1362; baseline 0 0"><span class='ocrx_word' id='word_1_4' title='bbox 169 1332 214 1362; x_wconf 80' lang='lat'>20</span> 
     </span>
    </p>
   </div>
   <div class='ocr_carea' id='block_1_5' title="bbox 169 1621 214 1652">
    <p class='ocr_par' dir='ltr' id='par_1_5' title="bbox 169 1621 214 1652">
     <span class='ocr_line' id='line_1_5' title="bbox 169 1621 214 1652; baseline 0 0"><span class='ocrx_word' id='word_1_5' title='bbox 169 1621 214 1652; x_wconf 81' lang='lat'>25</span> 
     </span>
    </p>
   </div>
   <div class='ocr_carea' id='block_1_6' title="bbox 237 112 1018 166">
    <p class='ocr_par' dir='ltr' id='par_1_6' title="bbox 237 112 1018 166">
     <span class='ocr_line' id='line_1_6' title="bbox 237 112 1018 166; baseline -0.006 -13"><span class='ocrx_word' id='word_1_6' title='bbox 237 113 293 153; x_wconf 84' lang='lat'>90</span> <span class='ocrx_word' id='word_1_7' title='bbox 714 112 1018 166; x_wconf 20' lang='lat' dir='ltr'><strong>QUINTILIANI-</strong></span> 
     </span>
    </p>
   </div>
   <div class='ocr_carea' id='block_1_7' title="bbox 233 220 1498 1720">
    <p class='ocr_par' dir='ltr' id='par_1_7' title="bbox 233 220 1495 1200">
     <span class='ocr_line' id='line_1_7' title="bbox 235 220 1492 274; baseline 0.002 -15"><span class='ocrx_word' id='word_1_8' title='bbox 235 233 342 273; x_wconf 87' lang='lat' dir='ltr'>quae</span> <span class='ocrx_word' id='word_1_9' title='bbox 374 233 440 259; x_wconf 91' lang='lat' dir='ltr'>me</span> <span class='ocrx_word' id='word_1_10' title='bbox 471 220 704 274; x_wconf 72' lang='lat' dir='ltr'>tetigerant</span> <span class='ocrx_word' id='word_1_11' title='bbox 736 220 1015 274; x_wconf 81' lang='lat' dir='ltr'>suspiciones,</span> <span class='ocrx_word' id='word_1_12' title='bbox 1046 221 1258 274; x_wconf 88' lang='lat' dir='ltr'>pertinere</span> <span class='ocrx_word' id='word_1_13' title='bbox 1289 220 1342 262; x_wconf 89' lang='lat' dir='ltr'>ad</span> <span class='ocrx_word' id='word_1_14' title='bbox 1372 235 1492 274; x_wconf 89' lang='lat' dir='ltr'>prae-</span> 
     </span>
     <span class='ocr_line' id='line_1_8' title="bbox 235 277 1493 332; baseline 0.002 -15"><span class='ocrx_word' id='word_1_15' title='bbox 235 279 398 318; x_wconf 89' lang='lat' dir='ltr'>sentem</span> <span class='ocrx_word' id='word_1_16' title='bbox 435 277 721 318; x_wconf 85' lang='lat' dir='ltr'>defensionem</span> <span class='ocrx_word' id='word_1_17' title='bbox 758 280 881 332; x_wconf 90' lang='lat' dir='ltr'>puto,</span> <span class='ocrx_word' id='word_1_18' title='bbox 927 278 1194 320; x_wconf 87' lang='lat' dir='ltr'>securissima</span> <span class='ocrx_word' id='word_1_19' title='bbox 1230 292 1275 319; x_wconf 89' lang='lat' dir='ltr'>re</span> <span class='ocrx_word' id='word_1_20' title='bbox 1311 279 1493 332; x_wconf 84' lang='lat' dir='ltr'>publiea.</span> 
     </span>
     <span class='ocr_line' id='line_1_9' title="bbox 233 335 1492 391; baseline 0.002 -16"><span class='ocrx_word' id='word_1_21' title='bbox 233 335 367 376; x_wconf 76' lang='lat' dir='ltr'>nescio</span> <span class='ocrx_word' id='word_1_22' title='bbox 399 335 497 388; x_wconf 90' lang='lat' dir='ltr'>quid</span> <span class='ocrx_word' id='word_1_23' title='bbox 528 335 634 376; x_wconf 90' lang='lat' dir='ltr'>illud</span> <span class='ocrx_word' id='word_1_24' title='bbox 659 335 799 389; x_wconf 89' lang='lat' dir='ltr'>fuerit,</span> <span class='ocrx_word' id='word_1_25' title='bbox 831 350 886 376; x_wconf 91' lang='lat' dir='ltr'>an</span> <span class='ocrx_word' id='word_1_26' title='bbox 917 336 1064 377; x_wconf 86' lang='lat' dir='ltr'>alienis</span> <span class='ocrx_word' id='word_1_27' title='bbox 1091 336 1392 391; x_wconf 74' lang='lat' dir='ltr'>cupiditatibus</span> <span class='ocrx_word' id='word_1_28' title='bbox 1420 336 1492 378; x_wconf 93' lang='lat' dir='ltr'>ob-</span> 
     </span>
     <span class='ocr_line' id='line_1_10' title="bbox 235 392 1493 446; baseline 0.001 -12"><span class='ocrx_word' id='word_1_29' title='bbox 235 392 434 446; x_wconf 86' lang='lat' dir='ltr'>stiterim,</span> <span class='ocrx_word' id='word_1_30' title='bbox 490 393 589 434; x_wconf 91' lang='lat' dir='ltr'>dum</span> <span class='ocrx_word' id='word_1_31' title='bbox 631 407 747 434; x_wconf 88' lang='lat' dir='ltr'>meas</span> <span class='ocrx_word' id='word_1_32' title='bbox 795 394 907 445; x_wconf 75' lang='lat' dir='ltr'>finio.</span> <span class='ocrx_word' id='word_1_33' title='bbox 979 394 1123 435; x_wconf 89' lang='lat' dir='ltr'>omnia</span> <span class='ocrx_word' id='word_1_34' title='bbox 1164 394 1248 435; x_wconf 85' lang='lat' dir='ltr'>ista</span> <span class='ocrx_word' id='word_1_35' title='bbox 1296 394 1493 435; x_wconf 86' lang='lat' dir='ltr'>absoluta</span> 
     </span>
     <span class='ocr_line' id='line_1_11' title="bbox 238 450 1492 506; baseline 0.001 -15"><span class='ocrx_word' id='word_1_36' title='bbox 238 464 329 492; x_wconf 86' lang='lat' dir='ltr'>esse</span> <span class='ocrx_word' id='word_1_37' title='bbox 361 450 484 492; x_wconf 89' lang='lat' dir='ltr'>credo</span> <span class='ocrx_word' id='word_1_38' title='bbox 517 465 566 492; x_wconf 93' lang='lat' dir='ltr'>eo</span> <span class='ocrx_word' id='word_1_39' title='bbox 599 453 806 505; x_wconf 88' lang='lat' dir='ltr'>tempore,</span> <span class='ocrx_word' id='word_1_40' title='bbox 842 465 924 505; x_wconf 94' lang='lat' dir='ltr'>quo</span> <span class='ocrx_word' id='word_1_41' title='bbox 962 451 1073 492; x_wconf 89' lang='lat' dir='ltr'>inter</span> <span class='ocrx_word' id='word_1_42' title='bbox 1108 465 1175 492; x_wconf 88' lang='lat' dir='ltr'>me</span> <span class='ocrx_word' id='word_1_43' title='bbox 1211 464 1382 506; x_wconf 87' lang='lat' dir='ltr'>remque</span> <span class='ocrx_word' id='word_1_44' title='bbox 1417 467 1492 506; x_wconf 87' lang='lat' dir='ltr'>pu-</span> 
     </span>
     <span class='ocr_line' id='line_1_12' title="bbox 235 508 1493 562; baseline 0.001 -13"><span class='ocrx_word' id='word_1_45' title='bbox 235 508 391 550; x_wconf 82' lang='lat' dir='ltr'>blicam</span> <span class='ocrx_word' id='word_1_46' title='bbox 441 509 654 562; x_wconf 87' lang='lat' dir='ltr'>convenit,</span> <span class='ocrx_word' id='word_1_47' title='bbox 714 512 762 550; x_wconf 92' lang='lat' dir='ltr'>ut</span> <span class='ocrx_word' id='word_1_48' title='bbox 809 509 915 550; x_wconf 87' lang='lat' dir='ltr'>haec</span> <span class='ocrx_word' id='word_1_49' title='bbox 962 509 1104 550; x_wconf 88' lang='lat' dir='ltr'>omnia</span> <span class='ocrx_word' id='word_1_50' title='bbox 1150 509 1376 551; x_wconf 85' lang='lat' dir='ltr'>memoriae</span> <span class='ocrx_word' id='word_1_51' title='bbox 1425 523 1493 550; x_wconf 83' lang='lat' dir='ltr'>ex-</span> 
     </span>
     <span class='ocr_line' id='line_1_13' title="bbox 238 567 1493 621; baseline 0.001 -14"><span class='ocrx_word' id='word_1_52' title='bbox 238 567 438 620; x_wconf 82' lang='lat' dir='ltr'>ciderent,</span> <span class='ocrx_word' id='word_1_53' title='bbox 478 570 526 607; x_wconf 92' lang='lat' dir='ltr'>ut</span> <span class='ocrx_word' id='word_1_54' title='bbox 555 581 641 607; x_wconf 92' lang='lat' dir='ltr'>non</span> <span class='ocrx_word' id='word_1_55' title='bbox 672 567 725 608; x_wconf 89' lang='lat' dir='ltr'>ad</span> <span class='ocrx_word' id='word_1_56' title='bbox 755 567 886 621; x_wconf 83' lang='lat' dir='ltr'>legeS,</span> <span class='ocrx_word' id='word_1_57' title='bbox 925 581 1011 608; x_wconf 90' lang='lat' dir='ltr'>non</span> <span class='ocrx_word' id='word_1_58' title='bbox 1051 567 1104 608; x_wconf 90' lang='lat' dir='ltr'>ad</span> <span class='ocrx_word' id='word_1_59' title='bbox 1137 567 1277 608; x_wconf 90' lang='lat' dir='ltr'>odium</span> <span class='ocrx_word' id='word_1_60' title='bbox 1311 567 1493 621; x_wconf 89' lang='lat' dir='ltr'>pertine-</span> 
     </span>
     <span class='ocr_line' id='line_1_14' title="bbox 237 624 1493 679; baseline 0.001 -14"><span class='ocrx_word' id='word_1_61' title='bbox 237 627 350 665; x_wconf 85' lang='lat' dir='ltr'>rent:</span> <span class='ocrx_word' id='word_1_62' title='bbox 398 627 499 665; x_wconf 92' lang='lat' dir='ltr'>tunc</span> <span class='ocrx_word' id='word_1_63' title='bbox 541 627 652 666; x_wconf 84' lang='lat' dir='ltr'>certe</span> <span class='ocrx_word' id='word_1_64' title='bbox 697 625 952 668; x_wconf 87' lang='lat' dir='ltr'>laudabatis.</span> <span class='ocrx_word' id='word_1_65' title='bbox 1025 624 1099 666; x_wconf 86' lang='lat' dir='ltr'>sed</span> <span class='ocrx_word' id='word_1_66' title='bbox 1141 625 1493 679; x_wconf 85' lang='lat' dir='ltr'>quemadmodum</span> 
     </span>
     <span class='ocr_line' id='line_1_15' title="bbox 239 682 1494 736; baseline 0.001 -13"><span class='ocrx_word' id='word_1_67' title='bbox 239 682 349 736; x_wconf 88' lang='lat' dir='ltr'>apud</span> <span class='ocrx_word' id='word_1_68' title='bbox 379 697 454 724; x_wconf 84' lang='lat' dir='ltr'>vos</span> <span class='ocrx_word' id='word_1_69' title='bbox 485 682 788 724; x_wconf 86' lang='lat' dir='ltr'>moderationis</span> <span class='ocrx_word' id='word_1_70' title='bbox 820 683 981 724; x_wconf 84' lang='lat' dir='ltr'>famam</span> <span class='ocrx_word' id='word_1_71' title='bbox 1012 686 1264 724; x_wconf 81' lang='lat' dir='ltr'>consecutus</span> <span class='ocrx_word' id='word_1_72' title='bbox 1296 697 1401 735; x_wconf 88' lang='lat' dir='ltr'>sum,</span> <span class='ocrx_word' id='word_1_73' title='bbox 1432 682 1494 723; x_wconf 81' lang='lat' dir='ltr'>ita</span> 
     </span>
     <span class='ocr_line' id='line_1_16' title="bbox 238 740 1490 795; baseline 0.001 -15"><span class='ocrx_word' id='word_1_74' title='bbox 238 740 347 794; x_wconf 88' lang='lat' dir='ltr'>apud</span> <span class='ocrx_word' id='word_1_75' title='bbox 395 754 462 781; x_wconf 90' lang='lat' dir='ltr'>me</span> <span class='ocrx_word' id='word_1_76' title='bbox 510 741 651 794; x_wconf 89' lang='lat' dir='ltr'>ipsum</span> <span class='ocrx_word' id='word_1_77' title='bbox 692 740 798 781; x_wconf 89' lang='lat' dir='ltr'>haec</span> <span class='ocrx_word' id='word_1_78' title='bbox 847 754 1013 795; x_wconf 87' lang='lat' dir='ltr'>quoque</span> <span class='ocrx_word' id='word_1_79' title='bbox 1056 741 1196 795; x_wconf 85' lang='lat' dir='ltr'>gravis</span> <span class='ocrx_word' id='word_1_80' title='bbox 1239 740 1490 782; x_wconf 87' lang='lat' dir='ltr'>verecundia</span> 
     </span>
     <span class='ocr_line' id='line_1_17' title="bbox 237 797 1494 853; baseline -0.001 -14"><span class='ocrx_word' id='word_1_81' title='bbox 237 798 378 839; x_wconf 88' lang='lat' dir='ltr'>animo</span> <span class='ocrx_word' id='word_1_82' title='bbox 421 797 525 851; x_wconf 88' lang='lat' dir='ltr'>fuit,</span> <span class='ocrx_word' id='word_1_83' title='bbox 574 797 686 852; x_wconf 91' lang='lat' dir='ltr'>quod</span> <span class='ocrx_word' id='word_1_84' title='bbox 728 798 902 839; x_wconf 87' lang='lat' dir='ltr'>videbar</span> <span class='ocrx_word' id='word_1_85' title='bbox 949 798 1030 840; x_wconf 90' lang='lat' dir='ltr'>hoc</span> <span class='ocrx_word' id='word_1_86' title='bbox 1077 798 1228 840; x_wconf 88' lang='lat' dir='ltr'>fecisse</span> <span class='ocrx_word' id='word_1_87' title='bbox 1275 801 1494 853; x_wconf 84' lang='lat' dir='ltr'>tamquam</span> 
     </span>
     <span class='ocr_line' id='line_1_18' title="bbox 236 854 1494 910; baseline -0.001 -13"><span class='ocrx_word' id='word_1_88' title='bbox 236 856 558 908; x_wconf 83' lang='lat' dir='ltr'>†moderator†.</span> <span class='ocrx_word' id='word_1_89' title='bbox 619 854 728 904; x_wconf 82' lang='lat' dir='ltr'>Quid</span> <span class='ocrx_word' id='word_1_90' title='bbox 758 856 937 910; x_wconf 79' lang='lat' dir='ltr'>postea?</span> <span class='ocrx_word' id='word_1_91' title='bbox 982 856 1242 898; x_wconf 85' lang='lat' dir='ltr'>satellitesne</span> <span class='ocrx_word' id='word_1_92' title='bbox 1273 855 1494 898; x_wconf 77' lang='lat' dir='ltr'>contraxi?</span> 
     </span>
     <span class='ocr_line' id='line_1_19' title="bbox 237 913 1495 969; baseline -0.001 -14"><span class='ocrx_word' id='word_1_93' title='bbox 237 917 310 956; x_wconf 77' lang='lat' dir='ltr'>aut</span> <span class='ocrx_word' id='word_1_94' title='bbox 332 928 451 954; x_wconf 85' lang='lat' dir='ltr'>arma</span> <span class='ocrx_word' id='word_1_95' title='bbox 474 913 637 954; x_wconf 80' lang='lat' dir='ltr'>habui?</span> <span class='ocrx_word' id='word_1_96' title='bbox 669 917 742 955; x_wconf 76' lang='lat' dir='ltr'>aut</span> <span class='ocrx_word' id='word_1_97' title='bbox 765 914 892 955; x_wconf 78' lang='lat' dir='ltr'>divisi</span> <span class='ocrx_word' id='word_1_98' title='bbox 914 914 1166 968; x_wconf 82' lang='lat' dir='ltr'>pecuniam?</span> <span class='ocrx_word' id='word_1_99' title='bbox 1197 913 1357 969; x_wconf 86' lang='lat' dir='ltr'>aliquid</span> <span class='ocrx_word' id='word_1_100' title='bbox 1381 914 1495 954; x_wconf 87' lang='lat' dir='ltr'>inter</span> 
     </span>
     <span class='ocr_line' id='line_1_20' title="bbox 237 970 1491 1026; baseline 0 -14"><span class='ocrx_word' id='word_1_101' title='bbox 237 972 396 1013; x_wconf 86' lang='lat' dir='ltr'>amicos</span> <span class='ocrx_word' id='word_1_102' title='bbox 434 971 651 1013; x_wconf 81' lang='lat' dir='ltr'>continui?</span> <span class='ocrx_word' id='word_1_103' title='bbox 708 971 809 1026; x_wconf 89' lang='lat' dir='ltr'>quid</span> <span class='ocrx_word' id='word_1_104' title='bbox 848 972 960 1013; x_wconf 91' lang='lat' dir='ltr'>obici</span> <span class='ocrx_word' id='word_1_105' title='bbox 997 971 1101 1012; x_wconf 90' lang='lat' dir='ltr'>mihi</span> <span class='ocrx_word' id='word_1_106' title='bbox 1130 973 1276 1025; x_wconf 85' lang='lat' dir='ltr'>potest</span> <span class='ocrx_word' id='word_1_107' title='bbox 1304 971 1350 1012; x_wconf 89' lang='lat' dir='ltr'>in</span> <span class='ocrx_word' id='word_1_108' title='bbox 1379 970 1491 1012; x_wconf 79' lang='lat' dir='ltr'>futu-</span> 
     </span>
     <span class='ocr_line' id='line_1_21' title="bbox 235 1028 1490 1083; baseline 0 -13"><span class='ocrx_word' id='word_1_109' title='bbox 235 1044 347 1083; x_wconf 87' lang='lat' dir='ltr'>rum,</span> <span class='ocrx_word' id='word_1_110' title='bbox 391 1044 486 1070; x_wconf 89' lang='lat' dir='ltr'>cum</span> <span class='ocrx_word' id='word_1_111' title='bbox 525 1029 776 1083; x_wconf 87' lang='lat' dir='ltr'>praesertim</span> <span class='ocrx_word' id='word_1_112' title='bbox 815 1029 1039 1071; x_wconf 87' lang='lat' dir='ltr'>adfectatio</span> <span class='ocrx_word' id='word_1_113' title='bbox 1077 1028 1316 1082; x_wconf 87' lang='lat' dir='ltr'>tyrannidis</span> <span class='ocrx_word' id='word_1_114' title='bbox 1353 1029 1490 1070; x_wconf 87' lang='lat' dir='ltr'>multa</span> 
     </span>
     <span class='ocr_line' id='line_1_22' title="bbox 236 1087 1490 1142; baseline -0.001 -14"><span class='ocrx_word' id='word_1_115' title='bbox 236 1088 414 1129; x_wconf 88' lang='lat' dir='ltr'>crimina</span> <span class='ocrx_word' id='word_1_116' title='bbox 458 1090 500 1128; x_wconf 90' lang='lat' dir='ltr'>et</span> <span class='ocrx_word' id='word_1_117' title='bbox 543 1101 648 1141; x_wconf 89' lang='lat' dir='ltr'>quae</span> <span class='ocrx_word' id='word_1_118' title='bbox 691 1101 778 1128; x_wconf 92' lang='lat' dir='ltr'>non</span> <span class='ocrx_word' id='word_1_119' title='bbox 818 1088 1057 1129; x_wconf 87' lang='lat' dir='ltr'>coniectura</span> <span class='ocrx_word' id='word_1_120' title='bbox 1095 1087 1242 1142; x_wconf 87' lang='lat' dir='ltr'>colligi</span> <span class='ocrx_word' id='word_1_121' title='bbox 1280 1089 1490 1140; x_wconf 81' lang='lat' dir='ltr'>oporteat,</span> 
     </span>
     <span class='ocr_line' id='line_1_23' title="bbox 235 1144 1029 1200; baseline -0.001 -13"><span class='ocrx_word' id='word_1_122' title='bbox 235 1160 381 1187; x_wconf 85' lang='lat' dir='ltr'>verum</span> <span class='ocrx_word' id='word_1_123' title='bbox 412 1144 649 1199; x_wconf 85' lang='lat' dir='ltr'>manifesta,</span> <span class='ocrx_word' id='word_1_124' title='bbox 680 1145 1029 1200; x_wconf 77' lang='lat' dir='ltr'>comprehendat?</span> 
     </span>
    </p>

    <p class='ocr_par' dir='ltr' id='par_1_8' title="bbox 238 1202 1498 1720">
     <span class='ocr_line' id='line_1_24' title="bbox 322 1202 1492 1258; baseline -0.002 -14"><span class='ocrx_word' id='word_1_125' title='bbox 322 1203 551 1258; x_wconf 86' lang='lat' dir='ltr'>„Apparet‚</span> <span class='ocrx_word' id='word_1_126' title='bbox 581 1203 733 1257; x_wconf 90' lang='lat' dir='ltr'>inquit,</span> <span class='ocrx_word' id='word_1_127' title='bbox 763 1203 972 1257; x_wconf 86' lang='lat' dir='ltr'>cupiditas</span> <span class='ocrx_word' id='word_1_128' title='bbox 1005 1205 1099 1244; x_wconf 89' lang='lat' dir='ltr'>tua:</span> <span class='ocrx_word' id='word_1_129' title='bbox 1129 1202 1205 1244; x_wconf 87' lang='lat' dir='ltr'>fles</span> <span class='ocrx_word' id='word_1_130' title='bbox 1237 1202 1350 1243; x_wconf 90' lang='lat' dir='ltr'>enim</span> <span class='ocrx_word' id='word_1_131' title='bbox 1375 1202 1492 1243; x_wconf 89' lang='lat' dir='ltr'>iuxta</span> 
     </span>
     <span class='ocr_line' id='line_1_25' title="bbox 238 1259 1495 1315; baseline -0.002 -13"><span class='ocrx_word' id='word_1_132' title='bbox 238 1261 413 1302; x_wconf 86' lang='lat' dir='ltr'>arcem.“</span> <span class='ocrx_word' id='word_1_133' title='bbox 445 1260 490 1302; x_wconf 81' lang='lat' dir='ltr'>Si</span> <span class='ocrx_word' id='word_1_134' title='bbox 516 1261 738 1302; x_wconf 87' lang='lat' dir='ltr'>confiterer</span> <span class='ocrx_word' id='word_1_135' title='bbox 769 1261 986 1315; x_wconf 85' lang='lat' dir='ltr'>depositae</span> <span class='ocrx_word' id='word_1_136' title='bbox 1009 1259 1234 1314; x_wconf 85' lang='lat' dir='ltr'>potestatis</span> <span class='ocrx_word' id='word_1_137' title='bbox 1256 1259 1372 1301; x_wconf 87' lang='lat' dir='ltr'>illius</span> <span class='ocrx_word' id='word_1_138' title='bbox 1398 1274 1495 1314; x_wconf 86' lang='lat' dir='ltr'>pae-</span> 
     </span>
     <span class='ocr_line' id='line_1_26' title="bbox 238 1317 1495 1373; baseline -0.002 -13"><span class='ocrx_word' id='word_1_139' title='bbox 238 1319 478 1373; x_wconf 86' lang='lat' dir='ltr'>nitentiam,</span> <span class='ocrx_word' id='word_1_140' title='bbox 509 1319 690 1360; x_wconf 89' lang='lat' dir='ltr'>dicerem</span> <span class='ocrx_word' id='word_1_141' title='bbox 722 1322 884 1373; x_wconf 87' lang='lat' dir='ltr'>tamen,</span> <span class='ocrx_word' id='word_1_142' title='bbox 915 1319 1029 1360; x_wconf 86' lang='lat' dir='ltr'>aliud</span> <span class='ocrx_word' id='word_1_143' title='bbox 1061 1332 1152 1360; x_wconf 88' lang='lat' dir='ltr'>esse</span> <span class='ocrx_word' id='word_1_144' title='bbox 1184 1317 1396 1359; x_wconf 86' lang='lat' dir='ltr'>adfectare</span> <span class='ocrx_word' id='word_1_145' title='bbox 1427 1319 1495 1371; x_wconf 84' lang='lat' dir='ltr'>ty-</span> 
     </span>
     <span class='ocr_line' id='line_1_27' title="bbox 239 1375 1494 1432; baseline -0.002 -14"><span class='ocrx_word' id='word_1_146' title='bbox 239 1377 478 1431; x_wconf 87' lang='lat' dir='ltr'>rannidem,</span> <span class='ocrx_word' id='word_1_147' title='bbox 521 1377 637 1418; x_wconf 86' lang='lat' dir='ltr'>aliud</span> <span class='ocrx_word' id='word_1_148' title='bbox 674 1391 837 1432; x_wconf 89' lang='lat' dir='ltr'>cupere.</span> <span class='ocrx_word' id='word_1_149' title='bbox 897 1376 1058 1418; x_wconf 89' lang='lat' dir='ltr'>Verum</span> <span class='ocrx_word' id='word_1_150' title='bbox 1089 1375 1190 1430; x_wconf 91' lang='lat' dir='ltr'>quid</span> <span class='ocrx_word' id='word_1_151' title='bbox 1221 1375 1351 1431; x_wconf 86' lang='lat' dir='ltr'>signi,</span> <span class='ocrx_word' id='word_1_152' title='bbox 1394 1375 1494 1429; x_wconf 90' lang='lat' dir='ltr'>quid</span> 
     </span>
     <span class='ocr_line' id='line_1_28' title="bbox 241 1433 1493 1491; baseline -0.002 -15"><span class='ocrx_word' id='word_1_153' title='bbox 241 1435 483 1491; x_wconf 84' lang='lat' dir='ltr'>argumenti</span> <span class='ocrx_word' id='word_1_154' title='bbox 525 1435 632 1476; x_wconf 88' lang='lat' dir='ltr'>istae</span> <span class='ocrx_word' id='word_1_155' title='bbox 676 1435 876 1476; x_wconf 85' lang='lat' dir='ltr'>lacrimae</span> <span class='ocrx_word' id='word_1_156' title='bbox 918 1433 1106 1476; x_wconf 80' lang='lat' dir='ltr'>habent?</span> <span class='ocrx_word' id='word_1_157' title='bbox 1167 1434 1269 1475; x_wconf 88' lang='lat' dir='ltr'>flere</span> <span class='ocrx_word' id='word_1_158' title='bbox 1312 1433 1493 1474; x_wconf 88' lang='lat' dir='ltr'>miratur</span> 
     </span>
     <span class='ocr_line' id='line_1_29' title="bbox 241 1489 1495 1547; baseline -0.002 -13"><span class='ocrx_word' id='word_1_159' title='bbox 241 1493 393 1547; x_wconf 90' lang='lat' dir='ltr'>aliquis</span> <span class='ocrx_word' id='word_1_160' title='bbox 430 1492 674 1534; x_wconf 77' lang='lat' dir='ltr'>hominem?</span> <span class='ocrx_word' id='word_1_161' title='bbox 735 1491 848 1547; x_wconf 79' lang='lat' dir='ltr'>„Sed</span> <span class='ocrx_word' id='word_1_162' title='bbox 883 1493 1003 1534; x_wconf 85' lang='lat' dir='ltr'>iuxta</span> <span class='ocrx_word' id='word_1_163' title='bbox 1039 1505 1179 1534; x_wconf 85' lang='lat' dir='ltr'>arcem</span> <span class='ocrx_word' id='word_1_164' title='bbox 1210 1490 1322 1533; x_wconf 84' lang='lat' dir='ltr'>fies.“</span> <span class='ocrx_word' id='word_1_165' title='bbox 1380 1489 1495 1532; x_wconf 90' lang='lat' dir='ltr'>Num</span> 
     </span>
     <span class='ocr_line' id='line_1_30' title="bbox 241 1548 1494 1605; baseline -0.002 -13"><span class='ocrx_word' id='word_1_166' title='bbox 241 1564 320 1605; x_wconf 87' lang='lat' dir='ltr'>ego</span> <span class='ocrx_word' id='word_1_167' title='bbox 351 1565 526 1604; x_wconf 89' lang='lat' dir='ltr'>possum</span> <span class='ocrx_word' id='word_1_168' title='bbox 558 1551 772 1592; x_wconf 88' lang='lat' dir='ltr'>continere</span> <span class='ocrx_word' id='word_1_169' title='bbox 803 1551 1018 1604; x_wconf 79' lang='lat' dir='ltr'>lacrimas,</span> <span class='ocrx_word' id='word_1_170' title='bbox 1051 1550 1249 1604; x_wconf 88' lang='lat' dir='ltr'>quotiens</span> <span class='ocrx_word' id='word_1_171' title='bbox 1280 1549 1403 1590; x_wconf 90' lang='lat' dir='ltr'>illum</span> <span class='ocrx_word' id='word_1_172' title='bbox 1433 1548 1494 1590; x_wconf 96' lang='lat' dir='ltr'>lo-</span> 
     </span>
     <span class='ocr_line' id='line_1_31' title="bbox 241 1606 1494 1662; baseline -0.002 -13"><span class='ocrx_word' id='word_1_173' title='bbox 241 1622 336 1650; x_wconf 90' lang='lat' dir='ltr'>cum</span> <span class='ocrx_word' id='word_1_174' title='bbox 367 1608 503 1662; x_wconf 87' lang='lat' dir='ltr'>video,</span> <span class='ocrx_word' id='word_1_175' title='bbox 535 1623 560 1649; x_wconf 87' lang='lat' dir='ltr'>a</span> <span class='ocrx_word' id='word_1_176' title='bbox 585 1622 668 1662; x_wconf 92' lang='lat' dir='ltr'>quo</span> <span class='ocrx_word' id='word_1_177' title='bbox 694 1611 783 1649; x_wconf 89' lang='lat' dir='ltr'>tam</span> <span class='ocrx_word' id='word_1_178' title='bbox 809 1609 994 1650; x_wconf 88' lang='lat' dir='ltr'>libenter</span> <span class='ocrx_word' id='word_1_179' title='bbox 1017 1606 1244 1648; x_wconf 78' lang='lat' dir='ltr'>descendi?</span> <span class='ocrx_word' id='word_1_180' title='bbox 1274 1607 1362 1648; x_wconf 89' lang='lat' dir='ltr'>illio</span> <span class='ocrx_word' id='word_1_181' title='bbox 1387 1606 1494 1648; x_wconf 87' lang='lat' dir='ltr'>mihi</span> 
     </span>
     <span class='ocr_line' id='line_1_32' title="bbox 241 1663 1498 1720; baseline -0.002 -12"><span class='ocrx_word' id='word_1_182' title='bbox 241 1666 448 1708; x_wconf 87' lang='lat' dir='ltr'>succurrit</span> <span class='ocrx_word' id='word_1_183' title='bbox 475 1666 684 1707; x_wconf 85' lang='lat' dir='ltr'>infamata</span> <span class='ocrx_word' id='word_1_184' title='bbox 715 1666 1016 1718; x_wconf 81' lang='lat' dir='ltr'>adulescentia3</span> <span class='ocrx_word' id='word_1_185' title='bbox 1048 1664 1243 1720; x_wconf 89' lang='lat' dir='ltr'>quotiens</span> <span class='ocrx_word' id='word_1_186' title='bbox 1275 1678 1413 1706; x_wconf 87' lang='lat' dir='ltr'>arcem</span> <span class='ocrx_word' id='word_1_187' title='bbox 1439 1663 1498 1705; x_wconf 84' lang='lat' dir='ltr'>vi-</span> 
     </span>
    </p>
   </div>
   <div class='ocr_carea' id='block_1_8' title="bbox 237 1789 1499 2301">
    <p class='ocr_par' dir='ltr' id='par_1_9' title="bbox 237 1789 1499 2301">
     <span class='ocr_line' id='line_1_33' title="bbox 331 1789 1495 1836; baseline -0.003 -10"><span class='ocrx_word' id='word_1_188' title='bbox 331 1796 351 1826; x_wconf 82' lang='lat'>2</span> <span class='ocrx_word' id='word_1_189' title='bbox 377 1791 473 1836; x_wconf 67' lang='lat' dir='ltr'>reip‘.</span> <span class='ocrx_word' id='word_1_190' title='bbox 499 1795 546 1835; x_wconf 83' lang='lat' dir='ltr'>A,</span> <span class='ocrx_word' id='word_1_191' title='bbox 577 1802 640 1836; x_wconf 81' lang='lat' dir='ltr'>spe</span> <span class='ocrx_word' id='word_1_192' title='bbox 666 1795 708 1834; x_wconf 84' lang='lat' dir='ltr'>B,</span> <span class='ocrx_word' id='word_1_193' title='bbox 741 1791 815 1836; x_wconf 66' lang='lat' dir='ltr'>re‘ss</span> <span class='ocrx_word' id='word_1_194' title='bbox 841 1796 862 1825; x_wconf 87' lang='lat' dir='ltr'>c</span> <span class='ocrx_word' id='word_1_195' title='bbox 893 1792 904 1836; x_wconf 85' lang='grc' dir='ltr'>ΙΙ</span> <span class='ocrx_word' id='word_1_196' title='bbox 941 1795 961 1825; x_wconf 88' lang='grc'><strong>3</strong></span> <span class='ocrx_word' id='word_1_197' title='bbox 987 1801 1056 1825; x_wconf 90' lang='lat' dir='ltr'>nec</span> <span class='ocrx_word' id='word_1_198' title='bbox 1079 1789 1167 1834; x_wconf 88' lang='lat' dir='ltr'>quid</span> <span class='ocrx_word' id='word_1_199' title='bbox 1193 1793 1238 1833; x_wconf 84' lang='grc' dir='ltr'>Δ,</span> <span class='ocrx_word' id='word_1_200' title='bbox 1269 1789 1405 1834; x_wconf 88' lang='lat' dir='ltr'>nequid</span> <span class='ocrx_word' id='word_1_201' title='bbox 1427 1792 1495 1831; x_wconf 79' lang='lat' dir='ltr'>Bc,</span> 
     </span>
     <span class='ocr_line' id='line_1_34' title="bbox 238 1835 1498 1882; baseline -0.003 -8"><span class='ocrx_word' id='word_1_202' title='bbox 238 1847 329 1874; x_wconf 79' lang='lat' dir='ltr'>corr.</span> <span class='ocrx_word' id='word_1_203' title='bbox 354 1838 412 1873; x_wconf 82' lang='lat' dir='ltr'>Ro</span> <span class='ocrx_word' id='word_1_204' title='bbox 430 1839 441 1882; x_wconf 94' lang='grc' dir='ltr'>ΙΙ</span> <span class='ocrx_word' id='word_1_205' title='bbox 460 1843 483 1873; x_wconf 85' lang='grc'>4</span> <span class='ocrx_word' id='word_1_206' title='bbox 508 1849 589 1873; x_wconf 87' lang='lat' dir='ltr'>cum</span> <span class='ocrx_word' id='word_1_207' title='bbox 620 1849 721 1873; x_wconf 88' lang='lat' dir='ltr'>meas</span> <span class='ocrx_word' id='word_1_208' title='bbox 751 1841 777 1871; x_wconf 88' lang='lat' dir='ltr'>B</span> <span class='ocrx_word' id='word_1_209' title='bbox 797 1839 807 1882; x_wconf 87' lang='grc' dir='ltr'>ΙΙ</span> <span class='ocrx_word' id='word_1_210' title='bbox 826 1850 873 1871; x_wconf 90' lang='lat' dir='ltr'>m.</span> <span class='ocrx_word' id='word_1_211' title='bbox 901 1836 1011 1872; x_wconf 87' lang='lat' dir='ltr'>simul</span> <span class='ocrx_word' id='word_1_212' title='bbox 1035 1836 1160 1871; x_wconf 80' lang='lat' dir='ltr'>omnia</span> <span class='ocrx_word' id='word_1_213' title='bbox 1183 1839 1289 1880; x_wconf 77' lang='lat' dir='ltr'>ABG,</span> <span class='ocrx_word' id='word_1_214' title='bbox 1315 1846 1405 1871; x_wconf 80' lang='lat' dir='ltr'>corr.</span> <span class='ocrx_word' id='word_1_215' title='bbox 1431 1835 1498 1877; x_wconf 82' lang='lat' dir='ltr'>Gr,</span> 
     </span>
     <span class='ocr_line' id='line_1_35' title="bbox 238 1881 1499 1931; baseline -0.003 -11"><span class='ocrx_word' id='word_1_216' title='bbox 238 1884 351 1920; x_wconf 84' lang='lat' dir='ltr'>*dum</span> <span class='ocrx_word' id='word_1_217' title='bbox 377 1897 423 1921; x_wconf 91' lang='lat' dir='ltr'>m.</span> <span class='ocrx_word' id='word_1_218' title='bbox 451 1884 599 1931; x_wconf 84' lang='lat' dir='ltr'>&lt;exuo&gt;</span> <span class='ocrx_word' id='word_1_219' title='bbox 623 1885 676 1920; x_wconf 86' lang='lat' dir='ltr'>vel</span> <span class='ocrx_word' id='word_1_220' title='bbox 701 1884 886 1931; x_wconf 78' lang='lat' dir='ltr'>(abicio).</span> <span class='ocrx_word' id='word_1_221' title='bbox 913 1883 1022 1918; x_wconf 87' lang='lat' dir='ltr'>simul</span> <span class='ocrx_word' id='word_1_222' title='bbox 1041 1893 1135 1918; x_wconf 89' lang='lat' dir='ltr'>omn.</span> <span class='ocrx_word' id='word_1_223' title='bbox 1151 1882 1199 1927; x_wconf 64' lang='grc' dir='ltr'>(ἓ)</span> <span class='ocrx_word' id='word_1_224' title='bbox 1219 1884 1232 1927; x_wconf 83' lang='grc' dir='ltr'>ΙΙ</span> <span class='ocrx_word' id='word_1_225' title='bbox 1251 1886 1270 1917; x_wconf 82' lang='grc'><strong>7</strong></span> <span class='ocrx_word' id='word_1_226' title='bbox 1296 1881 1499 1917; x_wconf 81' lang='lat' dir='ltr'>exciderint</span> 
     </span>
     <span class='ocr_line' id='line_1_36' title="bbox 238 1928 1495 1976; baseline -0.002 -11"><span class='ocrx_word' id='word_1_227' title='bbox 238 1934 318 1974; x_wconf 78' lang='lat' dir='ltr'>AB,</span> <span class='ocrx_word' id='word_1_228' title='bbox 344 1942 433 1967; x_wconf 83' lang='lat' dir='ltr'>corr.</span> <span class='ocrx_word' id='word_1_229' title='bbox 460 1931 519 1966; x_wconf 83' lang='lat' dir='ltr'>Ro</span> <span class='ocrx_word' id='word_1_230' title='bbox 554 1933 565 1976; x_wconf 88' lang='grc' dir='ltr'>ΙΙ</span> <span class='ocrx_word' id='word_1_231' title='bbox 604 1935 647 1966; x_wconf 91' lang='grc'>10</span> <span class='ocrx_word' id='word_1_232' title='bbox 677 1931 777 1975; x_wconf 88' lang='lat' dir='ltr'>apud</span> <span class='ocrx_word' id='word_1_233' title='bbox 800 1942 859 1965; x_wconf 89' lang='lat' dir='ltr'>me</span> <span class='ocrx_word' id='word_1_234' title='bbox 883 1930 1014 1975; x_wconf 86' lang='lat' dir='ltr'>ipsum.</span> <span class='ocrx_word' id='word_1_235' title='bbox 1039 1930 1141 1965; x_wconf 86' lang='lat' dir='ltr'>Haec</span> <span class='ocrx_word' id='word_1_236' title='bbox 1165 1939 1310 1974; x_wconf 86' lang='lat' dir='ltr'>quoque</span> <span class='ocrx_word' id='word_1_237' title='bbox 1335 1928 1412 1964; x_wconf 83' lang='lat' dir='ltr'>edd.</span> <span class='ocrx_word' id='word_1_238' title='bbox 1437 1938 1495 1962; x_wconf 82' lang='lat' dir='ltr'>ex-</span> 
     </span>
     <span class='ocr_line' id='line_1_37' title="bbox 239 1974 1497 2022; baseline -0.002 -10"><span class='ocrx_word' id='word_1_239' title='bbox 239 1981 339 2022; x_wconf 77' lang='lat' dir='ltr'>cepta</span> <span class='ocrx_word' id='word_1_240' title='bbox 367 1977 624 2020; x_wconf 76' lang='lat' dir='ltr'>Obrechtiana,</span> <span class='ocrx_word' id='word_1_241' title='bbox 661 1979 765 2013; x_wconf 80' lang='lat' dir='ltr'>cuius</span> <span class='ocrx_word' id='word_1_242' title='bbox 789 1977 1051 2012; x_wconf 76' lang='lat' dir='ltr'>distinctionem</span> <span class='ocrx_word' id='word_1_243' title='bbox 1075 1979 1108 2010; x_wconf 85' lang='lat' dir='ltr'>et</span> <span class='ocrx_word' id='word_1_244' title='bbox 1132 1976 1177 2011; x_wconf 85' lang='lat' dir='ltr'>ab</span> <span class='ocrx_word' id='word_1_245' title='bbox 1204 1975 1346 2011; x_wconf 77' lang='lat' dir='ltr'>Rohdio</span> <span class='ocrx_word' id='word_1_246' title='bbox 1363 1974 1497 2019; x_wconf 77' lang='lat' dir='ltr'>proba-</span> 
     </span>
     <span class='ocr_line' id='line_1_38' title="bbox 237 2021 1497 2069; baseline -0.003 -11"><span class='ocrx_word' id='word_1_247' title='bbox 237 2027 311 2058; x_wconf 82' lang='lat' dir='ltr'>tam</span> <span class='ocrx_word' id='word_1_248' title='bbox 335 2035 450 2069; x_wconf 76' lang='lat' dir='ltr'>supra</span> <span class='ocrx_word' id='word_1_249' title='bbox 473 2028 614 2059; x_wconf 74' lang='lat' dir='ltr'>secutus</span> <span class='ocrx_word' id='word_1_250' title='bbox 637 2034 736 2067; x_wconf 61' lang='lat' dir='ltr'>surm</span> <span class='ocrx_word' id='word_1_251' title='bbox 760 2034 974 2068; x_wconf 78' lang='lat' dir='ltr'>quamquam</span> <span class='ocrx_word' id='word_1_252' title='bbox 993 2033 1037 2057; x_wconf 72' lang='lat' dir='ltr'>‘ne</span> <span class='ocrx_word' id='word_1_253' title='bbox 1055 2023 1110 2057; x_wconf 81' lang='lat' dir='ltr'>ita</span> <span class='ocrx_word' id='word_1_254' title='bbox 1133 2022 1275 2067; x_wconf 78' lang='lat' dir='ltr'>quidem</span> <span class='ocrx_word' id='word_1_255' title='bbox 1292 2022 1391 2056; x_wconf 74' lang='lat' dir='ltr'>loeus</span> <span class='ocrx_word' id='word_1_256' title='bbox 1408 2021 1497 2055; x_wconf 71' lang='lat' dir='ltr'>mihi</span> 
     </span>
     <span class='ocr_line' id='line_1_39' title="bbox 237 2067 1495 2115; baseline -0.003 -10"><span class='ocrx_word' id='word_1_257' title='bbox 237 2071 380 2105; x_wconf 75' lang='lat' dir='ltr'>videtur</span> <span class='ocrx_word' id='word_1_258' title='bbox 403 2074 556 2106; x_wconf 75' lang='lat' dir='ltr'>sanatus</span> <span class='ocrx_word' id='word_1_259' title='bbox 580 2080 650 2106; x_wconf 79' lang='lat' dir='ltr'>esse</span> <span class='ocrx_word' id='word_1_260' title='bbox 685 2072 697 2115; x_wconf 81' lang='grc' dir='ltr'>ΙΙ</span> <span class='ocrx_word' id='word_1_261' title='bbox 733 2070 882 2114; x_wconf 84' lang='lat' dir='ltr'>gravius</span> <span class='ocrx_word' id='word_1_262' title='bbox 906 2073 932 2102; x_wconf 84' lang='lat' dir='ltr'>B</span> <span class='ocrx_word' id='word_1_263' title='bbox 963 2070 975 2114; x_wconf 87' lang='grc' dir='ltr'>ΙΙ</span> <span class='ocrx_word' id='word_1_264' title='bbox 1007 2072 1048 2103; x_wconf 90' lang='grc'>13</span> <span class='ocrx_word' id='word_1_265' title='bbox 1074 2068 1122 2103; x_wconf 88' lang='lat' dir='ltr'>ad</span> <span class='ocrx_word' id='word_1_266' title='bbox 1146 2079 1249 2103; x_wconf 86' lang='lat' dir='ltr'>arma</span> <span class='ocrx_word' id='word_1_267' title='bbox 1272 2067 1386 2102; x_wconf 82' lang='lat' dir='ltr'>habui</span> <span class='ocrx_word' id='word_1_268' title='bbox 1411 2067 1495 2101; x_wconf 89' lang='lat' dir='ltr'>ante</span> 
     </span>
     <span class='ocr_line' id='line_1_40' title="bbox 239 2113 1495 2161; baseline -0.005 -10"><span class='ocrx_word' id='word_1_269' title='bbox 239 2116 393 2151; x_wconf 84' lang='lat' dir='ltr'>divisam</span> <span class='ocrx_word' id='word_1_270' title='bbox 419 2120 523 2160; x_wconf 75' lang='lat' dir='ltr'>ABG,</span> <span class='ocrx_word' id='word_1_271' title='bbox 550 2128 638 2152; x_wconf 77' lang='lat' dir='ltr'>corr.</span> <span class='ocrx_word' id='word_1_272' title='bbox 665 2117 723 2151; x_wconf 84' lang='lat' dir='ltr'>Ro</span> <span class='ocrx_word' id='word_1_273' title='bbox 742 2118 752 2161; x_wconf 91' lang='grc' dir='ltr'>ΙΙ</span> <span class='ocrx_word' id='word_1_274' title='bbox 772 2116 886 2161; x_wconf 83' lang='lat' dir='ltr'>aliqui</span> <span class='ocrx_word' id='word_1_275' title='bbox 899 2119 957 2149; x_wconf 79' lang='lat' dir='ltr'>Ac</span> <span class='ocrx_word' id='word_1_276' title='bbox 975 2116 986 2159; x_wconf 78' lang='grc' dir='ltr'>Η</span> <span class='ocrx_word' id='word_1_277' title='bbox 1007 2119 1049 2149; x_wconf 86' lang='grc'>16</span> <span class='ocrx_word' id='word_1_278' title='bbox 1075 2125 1167 2158; x_wconf 87' lang='lat' dir='ltr'>quae</span> <span class='ocrx_word' id='word_1_279' title='bbox 1193 2113 1402 2150; x_wconf 78' lang='lat' dir='ltr'>coniectura</span> <span class='ocrx_word' id='word_1_280' title='bbox 1426 2115 1495 2155; x_wconf 76' lang='lat' dir='ltr'>Ac,</span> 
     </span>
     <span class='ocr_line' id='line_1_41' title="bbox 239 2159 1497 2208; baseline -0.005 -10"><span class='ocrx_word' id='word_1_281' title='bbox 239 2174 331 2208; x_wconf 80' lang='lat' dir='ltr'>quae</span> <span class='ocrx_word' id='word_1_282' title='bbox 356 2173 430 2197; x_wconf 91' lang='lat' dir='ltr'>non</span> <span class='ocrx_word' id='word_1_283' title='bbox 453 2164 596 2198; x_wconf 85' lang='lat' dir='ltr'>iactura</span> <span class='ocrx_word' id='word_1_284' title='bbox 621 2166 647 2196; x_wconf 86' lang='grc' dir='ltr'><strong><em>Β</em></strong></span> <span class='ocrx_word' id='word_1_285' title='bbox 677 2164 688 2206; x_wconf 76' lang='grc' dir='ltr'>ΙΙ</span> <span class='ocrx_word' id='word_1_286' title='bbox 722 2167 763 2197; x_wconf 84' lang='grc'>17</span> <span class='ocrx_word' id='word_1_287' title='bbox 795 2163 1028 2197; x_wconf 86' lang='lat' dir='ltr'>manifestum</span> <span class='ocrx_word' id='word_1_288' title='bbox 1051 2164 1108 2194; x_wconf 80' lang='lat' dir='ltr'>Bc</span> <span class='ocrx_word' id='word_1_289' title='bbox 1133 2162 1144 2204; x_wconf 85' lang='grc' dir='ltr'>ΙΙ</span> <span class='ocrx_word' id='word_1_290' title='bbox 1168 2159 1410 2205; x_wconf 86' lang='lat' dir='ltr'>deprehendit</span> <span class='ocrx_word' id='word_1_291' title='bbox 1433 2162 1497 2202; x_wconf 76' lang='lat' dir='ltr'>Aa,</span> 
     </span>
     <span class='ocr_line' id='line_1_42' title="bbox 239 2206 1494 2254; baseline -0.005 -9"><span class='ocrx_word' id='word_1_292' title='bbox 239 2210 490 2254; x_wconf 75' lang='lat' dir='ltr'>deprehendat</span> <span class='ocrx_word' id='word_1_293' title='bbox 515 2213 639 2251; x_wconf 78' lang='lat' dir='ltr'>AbBC,</span> <span class='ocrx_word' id='word_1_294' title='bbox 666 2220 755 2244; x_wconf 82' lang='lat' dir='ltr'>corr.</span> <span class='ocrx_word' id='word_1_295' title='bbox 771 2210 845 2244; x_wconf 81' lang='lat' dir='ltr'>Aer</span> <span class='ocrx_word' id='word_1_296' title='bbox 862 2210 874 2252; x_wconf 84' lang='grc' dir='ltr'>ΙΙ</span> <span class='ocrx_word' id='word_1_297' title='bbox 894 2212 936 2243; x_wconf 92' lang='grc'>18</span> <span class='ocrx_word' id='word_1_298' title='bbox 961 2208 1050 2242; x_wconf 84' lang='lat' dir='ltr'>flens</span> <span class='ocrx_word' id='word_1_299' title='bbox 1076 2210 1106 2240; x_wconf 83' lang='grc' dir='ltr'><strong>Δ</strong></span> <span class='ocrx_word' id='word_1_300' title='bbox 1122 2208 1135 2251; x_wconf 75' lang='grc' dir='ltr'>ΙΙ</span> <span class='ocrx_word' id='word_1_301' title='bbox 1154 2210 1198 2241; x_wconf 83' lang='grc'>20</span> <span class='ocrx_word' id='word_1_302' title='bbox 1222 2206 1427 2252; x_wconf 83' lang='lat' dir='ltr'>potentiam</span> <span class='ocrx_word' id='word_1_303' title='bbox 1453 2206 1494 2249; x_wconf 51' lang='grc' dir='ltr'>0ζί</span> 
     </span>
     <span class='ocr_line' id='line_1_43' title="bbox 238 2250 1494 2301; baseline -0.005 -10"><span class='ocrx_word' id='word_1_304' title='bbox 238 2255 331 2291; x_wconf 90' lang='lat' dir='ltr'>illud</span> <span class='ocrx_word' id='word_1_305' title='bbox 343 2259 369 2289; x_wconf 84' lang='lat' dir='ltr'>B</span> <span class='ocrx_word' id='word_1_306' title='bbox 388 2258 399 2301; x_wconf 79' lang='grc' dir='ltr'>Η</span> <span class='ocrx_word' id='word_1_307' title='bbox 419 2259 461 2291; x_wconf 84' lang='lat'>23</span> <span class='ocrx_word' id='word_1_308' title='bbox 477 2256 565 2291; x_wconf 83' lang='lat' dir='ltr'>flens</span> <span class='ocrx_word' id='word_1_309' title='bbox 579 2259 608 2290; x_wconf 77' lang='lat' dir='ltr'>A</span> <span class='ocrx_word' id='word_1_310' title='bbox 627 2257 638 2300; x_wconf 77' lang='lat' dir='ltr'>fl</span> <span class='ocrx_word' id='word_1_311' title='bbox 658 2259 701 2290; x_wconf 81' lang='lat'>25</span> <span class='ocrx_word' id='word_1_312' title='bbox 714 2258 794 2290; x_wconf 92' lang='lat' dir='ltr'>tum</span> <span class='ocrx_word' id='word_1_313' title='bbox 807 2259 832 2288; x_wconf 82' lang='lat' dir='ltr'>P</span> <span class='ocrx_word' id='word_1_314' title='bbox 851 2257 862 2300; x_wconf 80' lang='grc' dir='ltr'>ΙΙ</span> <span class='ocrx_word' id='word_1_315' title='bbox 880 2254 982 2290; x_wconf 82' lang='lat' dir='ltr'>illinc</span> <span class='ocrx_word' id='word_1_316' title='bbox 994 2253 1081 2288; x_wconf 83' lang='lat' dir='ltr'>Rom</span> <span class='ocrx_word' id='word_1_317' title='bbox 1099 2254 1109 2297; x_wconf 94' lang='grc' dir='ltr'>ΙΙ</span> <span class='ocrx_word' id='word_1_318' title='bbox 1129 2257 1174 2289; x_wconf 79' lang='lat'>26</span> <span class='ocrx_word' id='word_1_319' title='bbox 1198 2252 1292 2288; x_wconf 83' lang='lat' dir='ltr'>vidis</span> <span class='ocrx_word' id='word_1_320' title='bbox 1311 2255 1351 2295; x_wconf 83' lang='grc' dir='ltr'>Δ,</span> <span class='ocrx_word' id='word_1_321' title='bbox 1376 2250 1452 2287; x_wconf 83' lang='lat' dir='ltr'>vidi</span> <span class='ocrx_word' id='word_1_322' title='bbox 1472 2255 1494 2285; x_wconf 79' lang='lat' dir='ltr'>c</span> 
     </span>
    </p>
   </div>
  </div>
 </body>
</html>
