1578 2470
166 758 210 789 10

164 1048 207 1079 15

160 1338 205 1369 20

158 1627 203 1658 25

156 1917 201 1948 30

240 121 326 163 370
716 123 1016 165 QUINTILIANI

239 231 283 270 et
345 228 656 283 diligentiorem
717 244 857 271 rerum
911 231 1232 285 inquisitionem
1285 237 1492 279 securitas

239 286 387 328 habet:
417 301 505 328 non
535 290 662 328 vacat
685 287 731 328 in
756 288 867 329 bello
895 303 1038 330 curam
1065 304 1189 344 agere
1215 293 1490 348 singulorum.

240 345 292 386 ad
328 344 437 385 hanc
473 344 683 386 rationem
724 346 885 387 accedit
914 347 1018 388 illud
1050 363 1235 404 quoque,
1277 353 1387 406 quod
1419 353 1490 394 ad-

239 402 485 444 ministrare
515 417 600 444 non
631 406 772 456 potest
802 404 974 458 bellum,
1003 405 1087 447 nisi
1116 409 1280 450 tantam
1305 413 1490 464 potesta-

238 462 324 501 tem
369 460 564 502 habuerit
600 460 844 514 imperator.
898 464 964 504 tot
1001 463 1119 504 milia
1155 468 1489 521 conscriptorum

239 518 424 559 militum
460 518 505 559 in
543 519 677 559 aciem
716 519 905 574 educere,
942 520 1165 575 adsignare
1195 524 1289 566 loca
1318 526 1488 568 interim

236 575 491 630 periculosa,
522 577 699 618 tuendos
733 577 862 631 cives,
895 580 1176 633 expugnanda
1205 581 1390 625 hostium
1422 598 1488 626 ca-

238 633 382 686 stella,
421 648 510 676 non
544 636 684 688 potest
725 636 817 677 sola
853 636 984 678 ratio:
1034 651 1139 691 opus
1177 642 1242 680 est
1278 643 1320 682 et
1363 644 1490 683 metu.

237 691 366 745 quid?
387 693 421 732 si
437 692 637 746 pleraque
652 692 859 747 accidunt,
884 694 928 735 in
948 695 1101 749 quibus
1119 699 1334 752 praesenti
1353 713 1489 753 poena

235 749 446 804 castigare
476 764 648 791 necesse
677 754 740 792 est
767 765 850 804 eos,
876 752 947 806 qui
971 755 1278 806 peccaverunt?
1309 757 1361 798 ad
1385 757 1489 800 haec

235 807 367 861 igitur
407 808 548 849 omnia
579 809 797 861 provisum
829 813 955 864 atque
986 812 1013 863 †
1031 813 1246 864 prolatum
1265 815 1293 866 †
1323 817 1405 868 est,
1443 819 1490 857 ut

234 865 512 918 imperator
544 880 783 908 summam
813 871 1125 921 potestatem
1154 871 1371 914 haberet.

288 920 297 928 “
323 923 431 971 Quid
463 927 605 965 tamen
636 939 660 965 a
690 925 813 967 nobis
845 927 954 980 exigi
987 929 1186 981 oportet?
1229 930 1384 971 bonam
1415 945 1488 973 vo-

233 980 454 1023 luntatem.
515 983 743 1023 erraverim
781 998 900 1025 sane:
945 985 979 1025 si
1023 986 1067 1026 id
1106 987 1208 1028 satis
1245 988 1487 1041 probationi

234 1039 491 1092 existimavi,
528 1039 564 1080 si
601 1040 681 1081 1100
720 1041 771 1082 ad
802 1042 1032 1083 utilitatem
1064 1044 1248 1086 civitatis
1276 1047 1486 1098 pertinere

233 1097 408 1138 credidi:
448 1098 540 1151 quis
579 1097 844 1140 damnaverit
883 1114 995 1153 eum,
1033 1101 1104 1155 qui
1141 1102 1303 1144 duabus
1341 1106 1485 1157 poten-

231 1154 411 1196 tissimis
442 1156 568 1196 rebus
600 1155 848 1210 defenditur,
879 1158 968 1198 iure
1001 1160 1043 1199 et
1072 1160 1242 1201 mente?

320 1212 459 1261 Quid?
493 1213 529 1253 si
561 1214 689 1254 etiam
720 1214 830 1255 ratio
856 1215 937 1256 hoc
961 1216 1144 1257 faciendi
1168 1217 1279 1259 fuit„
1305 1220 1485 1261 forsitan

231 1273 274 1310 et
309 1270 423 1311 lente
464 1273 506 1311 et
547 1271 722 1312 nimium
766 1273 998 1325 periculose
1036 1274 1224 1329 fecerim,
1268 1277 1377 1330 quod
1421 1292 1486 1318 su-

231 1331 396 1382 spectos
423 1327 676 1381 proditionis
700 1332 867 1372 tantum
886 1331 930 1372 in
950 1346 1157 1373 carcerem
1177 1333 1269 1375 duci
1287 1334 1392 1376 iussi
1411 1350 1484 1376 —:

231 1386 338 1427 nihil
366 1400 548 1441 egeram,
573 1401 660 1428 non
686 1388 791 1429 satis
818 1388 979 1430 civitati
1007 1404 1321 1444 prospexeram:
1347 1393 1484 1435 hostis

230 1444 340 1485 idem
373 1445 581 1498 ,speravit
624 1461 693 1486 —:
743 1448 887 1487 tamen
927 1447 1007 1488 hoc
1049 1462 1102 1489 ne
1145 1449 1198 1490 ab
1242 1453 1484 1492 accusatore

231 1502 398 1556 quidem
435 1503 768 1556 reprehenditur.
829 1505 915 1545 iam
951 1505 1085 1559 igitur
1120 1506 1170 1547 de
1206 1506 1291 1561 his,
1334 1509 1404 1562 qui
1439 1509 1483 1550 in

230 1574 440 1602 carcerem
489 1561 582 1602 duci
627 1561 876 1615 debuerunt,
925 1564 1057 1605 levius
1102 1567 1166 1605 est
1217 1566 1483 1620 supplicium,

230 1632 491 1672 quacumque
516 1619 682 1660 ratione
709 1623 924 1673 sumptum
950 1623 1026 1664 est.
1061 1636 1173 1664 1111110
1194 1637 1322 1677 quare
1343 1639 1483 1678 sump-

227 1675 348 1716 tum?
380 1676 634 1729 proditionis
667 1677 761 1718 finis
795 1680 921 1732 atque
953 1678 1125 1721 effectus
1155 1681 1292 1722 omnis
1317 1682 1362 1722 in
1387 1696 1482 1735 pro-

227 1735 385 1774 ximam
421 1734 544 1775 nobis
574 1738 742 1775 noctem
774 1735 1112 1777 denuntiabatur.
1172 1741 1276 1791 puta
1306 1739 1481 1781 falsum:

228 1792 322 1845 quis
360 1806 447 1832 non
477 1792 663 1846 ignoscit
692 1807 780 1833 rem
811 1795 976 1834 tantam
1008 1795 1204 1836 timenti?
1252 1810 1336 1837 non
1369 1797 1481 1838 enim

228 1849 455 1890 discrimen
491 1864 723 1903 paucorum
754 1850 939 1904 capitum
971 1852 1194 1906 agebatur:
1233 1868 1287 1894 an
1318 1854 1481 1908 aliquid

227 1910 338 1948 esset
381 1907 485 1948 haec
529 1908 697 1958 civitas,
749 1923 804 1949 an
844 1910 1021 1962 templa,
1070 1925 1124 1951 an
1169 1912 1481 1954 vetustissimae

226 1966 453 2019 vestigium
480 1966 630 2007 saltem
655 1966 772 2007 urbis
791 1966 1115 2022 relinqueretur,
1136 1983 1189 2010 an
1208 1969 1333 2011 liberi
1351 1970 1480 2011 vestri

322 2083 338 2112 1
366 2080 404 2113 et
427 2090 491 2114 om.
518 2081 613 2124 3115
640 2080 738 2124 im‘ffr
764 2084 803 2124 Δ,
830 2091 893 2116 om.
908 2084 934 2114 B
953 2082 965 2126 Ι]
984 2085 1004 2116 8
1030 2092 1076 2116 110
1101 2085 1131 2115 A
1149 2082 1161 2126 ΙΙ
1182 2086 1224 2117 10
1248 2084 1481 2127 peccaverint

222 2127 249 2158 B
268 2127 280 2169 fl
302 2128 342 2158 13
364 2127 532 2170 oporteat
549 2128 575 2159 B
595 2127 607 2169 Η
624 2126 758 2161 bonam
778 2128 911 2162 bonam
932 2131 961 2160 A
979 2128 991 2172 ss
1012 2132 1053 2162 19
1079 2129 1292 2163 meticulose
1318 2128 1366 2173 (32)
1391 2129 1448 2164 Ro
1467 2130 1478 2175 Η
1527 2133 1530 2137 “

226 2175 362 2206 19—20
388 2174 578 2216 suspectus
602 2175 654 2206 Ab
667 2176 693 2206 B
712 2175 724 2217 ΙΙ
743 2177 784 2207 21
812 2174 972 2218 legeram
997 2177 1023 2207 B
1042 2175 1054 2219 fl
1073 2177 1117 2208 25
1143 2176 1308 2219 sumptus
1333 2178 1386 2209 Aa.
1403 2175 1415 2219 ΙΙ
1433 2179 1477 2210 26

219 2216 249 2264 ss
270 2219 310 2251 in
334 2229 445 2262 mars).
471 2221 501 2251 Δ
525 2220 537 2263 ΙΙ
562 2222 605 2253 29
631 2220 826 2264 agebatur:
853 2219 1084 2267 (agebatur)
1098 2231 1143 2255 an
1163 2224 1223 2255 etc.
1243 2222 1333 2265 Aer3
1358 2220 1479 2268 (sed)

223 2275 270 2298 an
297 2264 365 2298 Sch
383 2264 395 2308 ΙΙ
415 2268 458 2298 30
485 2276 560 2299 0000
585 2267 637 2299 Aa
655 2266 667 2309 ΙΙ
686 2269 728 2300 31
756 2267 871 2301 nostri
895 2269 921 2299 B
