1578 2470
154 785 198 816 10

156 1075 197 1106 15

156 1365 200 1396 20

156 1656 200 1688 25

223 98 307 139 396
702 96 997 139 QUINTILIANI

737 226 964 269 SERMO.

310 309 349 349 A
384 311 505 362 parte
544 308 688 350 divitis
726 309 842 350 color
878 309 951 349 ille
988 309 1202 352 introduci
1229 313 1388 366 potest,
1427 315 1475 353 ut

223 367 385 408 dicatur
415 380 576 420 pauper
606 367 680 408 ille
706 367 837 408 fuisse
863 367 1064 408 factiosus
1091 370 1164 409 aut
1184 369 1476 423 turbulentus3

222 424 422 465 habuisse
459 424 702 466 huiusmodi
733 424 889 466 furoris
922 426 986 466 sui
1018 426 1212 476 comites,
1248 427 1399 481 quibus
1430 428 1476 469 in

221 482 387 523 insidiis
407 482 626 536 dispositis
646 483 736 536 ipse
761 485 930 524 tantum
954 483 1005 524 ad
1026 483 1319 526 concitandam
1339 485 1476 527 rixam

223 555 266 582 se
299 540 553 593 ostenderet,
585 543 768 582 ceterum
794 541 893 582 illos
919 541 963 582 in
987 541 1198 595 praesidio
1223 542 1410 597 haberet,
1441 543 1478 584 si

223 598 323 653 quid
367 599 478 640 forte
522 598 639 639 dives
683 599 918 640 moliretur.
961 623 1015 628 —
1062 599 1122 640 Et
1160 599 1241 642 hoc
1282 601 1376 655 ipsa
1417 602 1479 642 rei

223 657 414 698 condicio
453 659 680 698 monstrat:
714 671 807 698 cum
850 658 906 698 sit
942 658 1206 711 incredibile,
1248 673 1478 713 pauperem

225 715 381 767 solum,
442 717 484 755 et
532 717 752 768 praeterea
799 717 922 756 nocte
972 716 1024 757 ad
1073 716 1308 758 convicium
1357 717 1479 758 diviti

222 772 463 814 faciendum
495 774 670 814 venisse.
732 787 861 828 quare
893 773 1004 814 enim
1035 774 1102 815 die
1131 775 1293 816 tacuit?
1352 788 1480 829 quare

223 831 267 872 in
315 831 407 872 foro
456 844 541 872 non
590 831 844 873 maledixit?
917 835 1094 886 apparet
1141 832 1258 874 illum
1314 835 1481 874 noctem

225 891 487 943 expectasse,
537 903 619 943 quo
662 889 828 931 facilius
873 891 1048 931 comites
1093 890 1379 932 absconderet.
1425 915 1479 920 —-

222 946 425 989 Paratum
477 961 576 1002 ergo
627 947 679 988 ad
722 948 858 988 rixam
901 963 995 989 cum
1039 948 1125 989 telo
1167 949 1343 990 venisse.
1421 949 1481 990 di-

223 1005 354 1047 vitem
384 1005 493 1046 nihil
523 1005 608 1046 tale
635 1006 906 1059 suspicatum,
937 1007 1074 1061 magis
1106 1007 1292 1047 insanire
1316 1006 1479 1047 creden-

222 1066 322 1116 tem,
363 1063 528 1104 dedisse
561 1064 632 1117 qui
663 1063 926 1105 deducerent.
987 1066 1089 1105 tunc
1119 1079 1217 1106 vero
1249 1078 1478 1118 pauperem

225 1122 347 1176 quasi
391 1121 583 1162 custodia
626 1121 918 1176 excanduisse3
961 1122 1187 1163 accessisse
1232 1125 1275 1163 et
1316 1125 1479 1164 ceteros

207 1180 315 1220 -eius
355 1179 558 1232 conscios,
597 1180 681 1234 qui,
720 1179 819 1220 dum
860 1155 1021 1233 eripere
1052 1193 1284 1234 pauperem
1312 1180 1481 1230 vellent,

224 1237 361 1278 rixam
411 1237 719 1279 concitaverint
768 1240 810 1278 et
857 1238 1039 1279 fortasse
1088 1237 1211 1279 illum
1254 1252 1482 1292 pauperem

226 1296 394 1337 silentio
427 1295 667 1350 occiderint,
701 1310 753 1337 ne
784 1298 933 1350 postea
965 1295 1292 1350 comprehensus
1322 1310 1482 1350 pauper

227 1357 420 1396 auctores
463 1353 663 1396 facinoris
702 1356 925 1409 cogeretur
961 1354 1100 1395 fateri.
1161 1356 1202 1395 et
1238 1353 1319 1396 hoc
1355 1354 1482 1395 dubie

225 1413 468 1467 ponendum
506 1414 585 1467 est3
624 1426 730 1466 quae
762 1412 1012 1454 constitutio
1048 1413 1093 1453 in
1123 1412 1288 1466 reliqua
1318 1426 1483 1466 quoque

226 1484 378 1512 causae
414 1473 535 1524 parte
574 1470 779 1512 servanda
817 1473 892 1511 est.
952 1469 1061 1511 nihil
1099 1470 1211 1512 enim
1247 1484 1325 1524 pro
1365 1472 1479 1511 certo

227 1529 450 1570 adfirmare
488 1528 704 1583 debemus,
745 1529 819 1570 sed
855 1531 1024 1570 tantum
1062 1528 1347 1582 suspicionem
1377 1527 1482 1569 iudi·

226 1601 321 1627 cum
354 1602 379 1628 a
409 1587 532 1628 nobis
565 1587 650 1628 alio
682 1590 960 1641 praevertere.
1016 1600 1116 1640 ergo
1149 1586 1202 1628 ab
1233 1586 1318 1627 illis
1350 1585 1482 1627 videri

226 1645 384 1686 factam
422 1644 608 1699 caedem,
650 1645 721 1699 qui
762 1644 899 1686 adhuc
936 1645 1141 1686 beneficio
1178 1644 1385 1698 temporis
1423 1645 1483 1688 la-

226 1702 417 1756 te<a>ntz
461 1703 634 1744 divitem
675 1717 802 1756 super
845 1702 1000 1744 damna
1041 1702 1290 1756 patrimonii
1333 1704 1376 1743 et
1416 1705 1484 1743 tot

228 1775 446 1803 servorum
478 1760 647 1802 caedem
678 1775 798 1802 reum
830 1775 931 1803 esse.

321 1879 341 1909 2
368 1876 494 1919 aperte
519 1878 549 1909 A
578 1877 590 1919 ΙΙ
623 1879 644 1910 3
670 1875 734 1910 ille
759 1886 824 1910 om.
850 1878 879 1908 A
909 1876 921 1918 ΙΙ
950 1878 972 1908 4
998 1873 1176 1909 eiusmodi
1200 1876 1230 1907 A
1259 1875 1270 1918 ΙΙ
1299 1872 1392 1920 (in)
1416 1884 1480 1908 om.

226 1925 288 1955 ΔΒ
307 1924 319 1966 ΙΙ
339 1926 359 1956 5
383 1923 445 1967 ipo
469 1925 496 1955 B
515 1923 527 1966 ΙΙ
547 1926 567 1956 6
581 1922 635 1967 se]
660 1922 733 1956 siA
751 1923 763 1966 u
783 1926 825 1957 13
850 1922 967 1956 rixam
992 1921 1143 1956 comites
1169 1930 1207 1954 se
1234 1931 1316 1955 cum
1339 1922 1390 1953 Ba.
1407 1920 1419 1964 ΙΙ
1440 1924 1483 1954 14

226 1969 479 2012 susxxpitum
504 1972 557 2003 Aa
575 1970 586 2014 ΙΙ
607 1971 649 2003 15
675 1969 872 2004 deduceret
896 1971 922 2001 B
941 1970 952 2011 ΙΙ
973 1972 1015 2002 16
1043 1966 1334 2002 excanduisse
1359 1969 1389 2000 Δ
1406 1967 1419 2010 ΙΙ
1439 1971 1480 2000 17

227 2028 310 2051 cum
334 2019 360 2049 B
379 2017 391 2060 ΙΙ
410 2015 549 2051 vellent
572 2027 638 2051 om.
663 2018 689 2048 B
708 2017 720 2060 ΙΙ
740 2019 783 2051 20
809 2016 994 2049 auctorem
1013 2017 1039 2048 Β
1058 2015 1070 2059 ΙΙ
1089 2017 1132 2048 22
1158 2013 1254 2048 enim
1279 2023 1344 2049 om.
1362 2015 1389 2046 B
1408 2014 1420 2057 ss
1439 2016 1482 2047 23

226 2063 291 2098 tm
305 2066 348 2103 Β,
374 2065 499 2097 tamen
524 2066 550 2095 P
585 2065 597 2107 fl
634 2061 919 2106 suspicationem
944 2064 997 2095 Aa
1020 2062 1032 2106 [1
1056 2064 1102 2095 24
1129 2065 1387 2105 prevertere
1425 2063 1454 2092 Δ
1473 2060 1483 2104 1Ι

227 2112 365 2145 25-26
390 2108 585 2156 late<a>nt
608 2108 665 2144 Ro
689 2112 721 2144 et
745 2108 796 2143 Ri
814 2109 826 2152 ΙΙ
845 2112 888 2142 27
915 2107 1035 2142 caedis
1059 2119 1087 2143 r.
1114 2117 1145 2142 e.
1170 2106 1241 2142 Βοὴ
