1604 2488
431 101 861 156 DECLAMATIONES.
887 119 1110 157 cccxxw.
1323 121 1414 165 275

123 241 231 282 sum,
263 229 340 270 aut
371 227 488 270 aliud
519 231 635 271 certe
667 228 900 272 dedissent.
958 229 1257 273 demonstrata
1289 230 1414 274 satis-

121 285 254 329 factio
292 289 337 329 et
372 287 419 330 in
457 287 539 330 hoc
580 288 717 343 valet,
757 291 806 331 ut
837 288 1086 344 accipienda
1118 289 1188 333 sit.
1249 304 1413 345 vereor,

120 345 302 402 iudices,
351 361 406 388 ne
455 347 559 402 quid
606 348 770 404 fingere
819 362 870 390 ex
918 349 1176 391 necessitate
1228 349 1412 404 periculi

121 404 280 460 videar,
311 408 611 449 verumtamen
641 421 709 448 me
737 407 964 463 religionis
990 422 1111 450 meae
1138 408 1412 451 dissimulare

120 478 230 520 quae
262 464 514 508 aeciderunt
539 480 628 508 non
660 466 764 508 sinit
795 467 922 509 ratio.
972 467 1271 510 Alexandrum
1297 468 1412 523 apud

118 537 188 565 me
226 524 416 567 valuisse
455 525 596 568 solum
633 526 816 581 putatis,
854 528 929 568 aut
965 527 1101 569 ullam
1140 526 1411 570 mercedem?

120 595 200 639 ego
238 583 365 625 illum
403 599 673 627 recessurum
702 585 931 641 putabam,
963 586 1138 628 etiamsi
1174 602 1263 630 non
1294 587 1413 642 paci-

119 644 324 685 sceretur.
374 643 490 698 deus,
523 644 625 686 deus
657 644 733 686 ille
767 643 926 702 (testor
957 645 1102 701 ipsum
1135 649 1178 688 et
1209 661 1412 701 praesen-

117 701 280 743 tissimi
312 703 622 746 conscientiam
646 703 854 760 numinis)
881 704 955 746 ille
982 705 1139 761 adegit,
1169 706 1244 748 ille
1270 706 1412 761 iussit,

117 759 193 802 ille
231 761 278 802 in
315 761 394 804 has
431 765 576 818 partes
615 763 755 805 misit:
802 763 1035 806 secundum
1077 764 1160 807 hoc
1205 765 1410 820 quodam-

118 818 247 862 modo
278 819 364 863 fuit
393 836 661 877 responsum.

602 985 892 1031 COGXXIV.

556 1069 690 1113 Bona
722 1071 963 1123 sacrilegi.

116 1161 202 1212 QUI
232 1176 361 1207 REUM
393 1176 560 1208 CAEDIS
594 1178 924 1221 DAMNAVERIT,
966 1178 1092 1210 BONA
1123 1178 1223 1209 EIUS
1256 1178 1409 1210 POSSI-

233 1235 370 1266 DEAT.
432 1235 679 1268 SACRILEGI
716 1237 844 1268 BONA
882 1237 1070 1269 TEMPLO
1112 1237 1408 1268 CONSECREN-

235 1294 341 1326 TUR.
389 1283 636 1326 Damnatus
670 1284 811 1326 caedis
844 1299 940 1326 cum
972 1287 1262 1340 torqueretur,
1296 1285 1408 1328 dixit

234 1344 278 1384 et
323 1343 599 1399 sacrilegium
646 1358 672 1385 a
709 1358 755 1385 se
800 1344 1094 1387 commissum.
1168 1345 1409 1400 ambigitur

234 1400 285 1442 de
316 1401 454 1444 bonis.
515 1402 714 1445 sacerdos
747 1403 910 1458 templo
942 1403 1147 1459 vindicat,
1180 1407 1407 1447 accusator

235 1459 330 1503 sibi.

536 1565 986 1611 DEOLAMATIO.

202 1647 450 1704 Antequam
489 1650 607 1705 leges
640 1664 962 1705 comparamus,
1003 1651 1162 1693 intueri
1191 1666 1404 1707 personas

111 1708 230 1751 libet.
291 1722 371 1750 nos
409 1708 576 1751 nullam
613 1709 824 1752 habemus
858 1710 904 1751 in
934 1710 1146 1766 litigando
1179 1712 1405 1767 propriam

111 1766 414 1822 cupiditatem:
454 1782 542 1810 non
581 1768 848 1824 adquirimus
879 1769 1027 1824 nobis,
1065 1771 1254 1825 petimus
1286 1771 1404 1814 bona

108 1827 293 1882 templo,
336 1827 523 1882 petimus
567 1827 779 1870 honorem
823 1829 916 1871 deo.
998 1829 1268 1872 adversarius
1316 1831 1400 1873 sibi

108 1885 302 1928 vindicat
353 1889 396 1928 et
444 1887 491 1928 in
539 1887 782 1941 praemium
832 1902 988 1942 operae
1040 1903 1143 1930 suae
1191 1889 1400 1944 deposcit.

110 1944 312 2000 ostendit,
345 1959 476 2000 quare
510 1945 788 1988 accusaverit.

200 2003 570 2054 Quemadmodum
591 2019 798 2059 personas
819 2006 1177 2062 comparavimus,
1202 2008 1265 2050 ita
1285 2022 1400 2050 com-

109 2077 311 2118 paremus
356 2066 400 2105 et
443 2063 574 2119 leges.
648 2063 762 2104 idem
807 2063 956 2106 demus
1000 2066 1174 2120 utrique
1214 2069 1399 2122 tempus,

110 2122 289 2164 eandem
334 2123 506 2178 utrique
546 2123 635 2178 legi
680 2137 872 2165 causam:
917 2124 1038 2179 ipsae
1079 2128 1226 2167 tamen
1266 2127 1400 2169 etiam

206 2265 227 2296 7
251 2261 484 2307 pacis‘ffA
515 2263 526 2306 ΙΙ
558 2266 578 2297 9
605 2261 766 2297 nominis
792 2265 845 2296 Aa
875 2264 888 2307 ΙΙ
922 2267 963 2298 10
989 2275 1120 2312 preces
1145 2268 1175 2299 A
1206 2267 1218 2310 ll
1250 2269 1392 2301 25-26

110 2306 192 2352 dep.
219 2309 258 2343 et
283 2309 352 2344 ost.
378 2311 405 2342 Β

1106 2370 1178 2405 18*

1437 775 1482 807 10

1435 1236 1479 1268 15

1431 1580 1477 1612 ‘20

1429 1900 1473 1932 25
