1604 2488
410 54 834 109 DECLAMATIONES.
861 54 1138 92 CCCXXXVII.
1328 53 1413 96 327

123 165 200 222 qui
243 164 355 207 mori
397 165 509 208 vult:
553 166 636 208 hoc
675 165 783 207 satis
821 167 899 208 θεὴ.
967 163 1041 207 sed
1079 164 1131 206 de
1174 177 1224 205 eo
1257 176 1416 219 cogno-

127 225 279 276 scitur,
315 226 466 280 turpes
507 225 596 268 sint
634 239 789 268 causae
827 239 883 266 an
920 238 972 267 ex
1009 220 1277 279 iniuria-(ut
1308 221 1415 278 dixi)

125 285 327 328 fortunae
363 285 708 339 proficiscantur.
769 284 927 339 aliquis
968 286 1088 326 metu
1125 282 1275 325 iudicii
1305 282 1418 324 mori

126 344 239 388 vult:
284 343 441 400 dignus
480 346 564 399 est,
596 343 671 400 qui
707 343 951 399 insepultus
984 343 1217 397 abiciatur3
1258 342 1416 398 aliquis

127 403 392 447 conscientia
429 403 570 459 turpis
616 403 795 446 alicuius
838 402 997 459 fiagitii
1038 401 1233 456 admissi,
1277 402 1417 456 prius-

129 477 260 519 quam
290 462 512 519 prodatur,
545 463 656 505 mori
687 463 798 505 vult:
830 462 988 518 dignus
1019 465 1097 517 est,
1130 461 1203 517 qui
1226 461 1419 516 insepul-

126 525 199 565 tus
237 523 463 565 abiciatur.
524 522 728 565 adversus
766 521 881 564 hunc
920 522 1083 577 scripta
1113 522 1182 563 lex
1214 523 1298 576 est,
1337 520 1421 562 hac

128 584 306 625 cavetur
344 582 395 623 de
432 581 527 624 hoc.
596 585 785 624 ceterum
824 581 997 636 quidem
1036 583 1085 623 tu
1125 581 1183 635 ei,
1235 580 1309 634 qui
1352 582 1422 622 tot

129 642 348 684 lenocinia
389 640 497 683 haec
540 641 777 683 constituta
819 641 935 683 vitae
976 640 1302 695 contempserit,
1347 639 1422 694 qui

130 715 220 743 non
251 700 499 743 detineatur
530 700 600 742 his
632 700 943 755 voluptatibus,
975 700 1103 742 dices.
1143 713 1260 741 »non
1284 699 1421 741 habes

130 774 287 816 graves
319 774 471 803 causas
503 759 775 802 moriendi«‘.>
817 759 1110 815 respondebit,
1141 759 1243 801 »odi
1273 759 1423 812 vitam,

130 819 378 875 relinquere
418 819 531 862 volo.
593 823 642 862 tu
682 834 751 861 me
782 821 1014 862 nocentem
1045 819 1206 874 probes
1239 820 1424 874 oportet,

130 893 184 922 ne
217 878 394 934 sepeliri
426 879 647 920 debeam«.

222 936 270 980 Si
307 940 455 980 tamen
492 937 544 980 de
581 937 666 980 hoc
703 952 874 993 quoque
913 937 1206 993 quaerendum
1245 938 1329 992 θεὴ,
1369 951 1424 978 an

131 1010 287 1053 graves
319 1011 474 1039 causae
507 997 607 1052 sint,
638 996 873 1039 videamus.
920 997 1087 1052 perdidi
1120 997 1307 1051 domum,
1338 995 1424 1038 for-

129 1056 245 1099 tuito
293 1056 512 1110 incendio,
562 1056 982 1112 quomodocumque3
1032 1059 1205 1098 tantum
1251 1056 1425 1098 domum

131 1115 316 1170 perdidi:
350 1115 501 1171 ecquid
532 1130 711 1171 possum
743 1116 882 1158 videri
913 1116 1051 1158 iustas
1083 1116 1245 1157 habere
1271 1129 1425 1157 causas

132 1174 374 1217 moriendi?
411 1177 592 1230 penates
623 1175 743 1225 illos,
776 1176 821 1216 in
854 1176 1010 1230 quibus
1043 1177 1173 1217 natus
1205 1190 1320 1228 sum,
1354 1174 1427 1229 qui

133 1233 243 1276 mihi
283 1233 502 1276 cotidiana
533 1234 724 1289 imagine
757 1234 898 1276 adhuc
930 1237 1160 1276 versantur
1192 1237 1293 1276 ante
1327 1248 1428 1275 ocu-

133 1293 214 1348 los,
244 1292 344 1336 illos
375 1296 572 1348 penates,
603 1293 650 1335 in
681 1293 838 1348 quibus
872 1293 985 1336 sacri
1017 1293 1181 1348 aliquid
1213 1307 1307 1335 esse
1340 1307 1427 1334 cre-

133 1352 296 1406 dimus,
347 1352 483 1394 amisi.
552 1352 712 1407 hospes
761 1353 808 1394 in
857 1353 1032 1395 civitate
1080 1353 1272 1395 victurus
1320 1366 1428 1394 sum.

133 1411 304 1467 perdidi
346 1411 526 1465 liberos,
571 1411 987 1467 quomodocumque,
1027 1414 1199 1454 tantum
1248 1411 1429 1454 liberos:

135 1470 289 1526 ecquid
325 1471 442 1513 iusta
479 1485 611 1513 causa
649 1471 803 1513 mortis
843 1475 909 1514 est
941 1471 1136 1513 orbitas?
1187 1473 1232 1513 et
1263 1471 1429 1513 orbitas

135 1544 226 1572 non
257 1530 460 1584 simpch,
503 1545 582 1572 nec
620 1533 794 1572 tantum
832 1531 1071 1587 geminata3
1116 1545 1267 1573 verum
1299 1530 1430 1572 etiam

136 1590 183 1631 in
214 1603 348 1632 unum
379 1592 552 1644 tempus
586 1590 757 1632 collata.
818 1590 1017 1632 adferant
1048 1590 1213 1646 aliquid
1244 1589 1431 1632 fortasse

137 1648 285 1691 solatii
325 1648 442 1691 mala
475 1649 615 1691 divisa
646 1651 706 1704 et,
745 1649 856 1692 sicut
893 1664 1026 1692 onera
1056 1649 1231 1692 facilius
1264 1649 1433 1703 subeas,

139 1707 177 1750 si
214 1708 437 1764 partiariS,
475 1708 539 1750 ita
575 1708 659 1751 hoc
698 1722 851 1764 graves
891 1723 1013 1752 casus
1047 1709 1246 1751 adlevare
1277 1709 1435 1764 possis,

139 1767 176 1810 si
215 1782 304 1810 non
343 1767 570 1824 ingruant,
609 1782 658 1810 ac
697 1769 829 1810 semel
867 1769 1058 1811 veniant.
1119 1783 1206 1811 uno
1237 1770 1434 1823 tempore

138 1827 286 1882 plures
318 1826 497 1869 liberos!
536 1826 669 1883 quid‘?
710 1827 749 1869 si
781 1830 826 1869 et
857 1828 1104 1882 coniugem!
1139 1827 1255 1882 quod
1288 1828 1325 1869 si
1356 1842 1435 1882 per

140 1900 187 1927 se
219 1899 353 1940 grave
385 1888 464 1937 est,
497 1889 541 1927 et
571 1886 686 1941 quod
717 1887 878 1928 liberos
912 1888 1037 1928 amisi
1069 1889 1112 1928 et
1143 1887 1293 1928 eodem
1325 1889 1435 1928 tem-

141 1959 247 1999 pore
280 1945 420 1998 amisi,
453 1949 577 1987 erant
610 1946 718 1987 satis
751 1959 907 2000 graves
939 1960 1106 1987 causae.
1157 1945 1278 1987 adice
1309 1960 1436 1999 nunc,

241 2019 259 2050 1
286 2026 360 2059 quo
387 2017 414 2048 B
452 2015 463 2059 Η
503 2017 595 2049 7-8
620 2014 703 2049 hoc'
721 2025 801 2049 cav.
828 2014 862 2049 d.
888 2013 924 2049 h.
952 2017 1034 2059 AB,
1062 2026 1154 2050 corr.
1181 2016 1277 2058 Aer,·
1302 2016 1388 2059 fort.
1415 2016 1435 2037 *

140 2062 214 2098 hoc
240 2063 393 2098 cavetur
418 2062 530 2097 deleto
556 2061 602 2096 de
628 2062 700 2097 hoc
720 2062 731 2106 ΙΙ
752 2065 773 2097 8
800 2062 1011 2097 cavetur
1036 2065 1066 2096 A
1085 2062 1096 2107 ΙΙ
1118 2066 1161 2097 15
1187 2062 1294 2107 perdi
1313 2063 1436 2109 B-PH

140 2109 299 2145 furtuito
325 2112 356 2143 A
374 2111 386 2155 ΙΙ
407 2114 450 2144 16
479 2119 703 2154 quocunque
729 2111 857 2144 tamen
882 2109 1035 2145 domum
1062 2112 1184 2155 31122
1214 2111 1437 2155 quocunque

141 2159 170 2191 Β
188 2158 201 2202 u
219 2158 347 2193 tamen
372 2160 399 2190 P
418 2157 430 2201 Η
455 2157 483 2191 ὴ.
509 2155 615 2191 liber.
643 2155 857 2204 (perdidi).
883 2156 942 2192 Ro
968 2159 980 2203 fl
1005 2161 1051 2192 26
1078 2157 1130 2192 sic
1155 2160 1182 2191 B
1201 2158 1278 2202 1527
1307 2168 1438 2193 causas

142 2207 223 2257 ᾼΒ,
249 2215 342 2286 θοντὲ.
359 2204 436 2285 ξὺν
454 2205 466 2249 Ι]
486 2207 531 2239 28
558 2203 761 2249 ingravant
785 2206 824 2248 B,
851 2206 1060 2250 congruant
1085 2204 1157 2241 Sch
1175 2206 1188 2250 ΙΙ
1207 2205 1319 2240 simul
1339 2204 1439 2251 Aeru

141 2262 319 2287 mveman

1451 709 1493 740 10

1453 1006 1496 1036 15

1454 1302 1499 1333 20

1457 1599 1503 1631 25

1460 1897 1507 1928 30
