<?xml version="1.0" encoding="UTF-8"?>
<!DOCTYPE html PUBLIC "-//W3C//DTD XHTML 1.0 Transitional//EN"
    "http://www.w3.org/TR/xhtml1/DTD/xhtml1-transitional.dtd">
<html xmlns="http://www.w3.org/1999/xhtml" xml:lang="en" lang="en">
 <head>
  <title>
</title>
<meta http-equiv="Content-Type" content="text/html;charset=utf-8" />
  <meta name='ocr-system' content='tesseract 3.04.00' />
  <meta name='ocr-capabilities' content='ocr_page ocr_carea ocr_par ocr_line ocrx_word'/>
</head>
<body>
  <div class='ocr_page' id='page_1' title='image "./declamationesqua00quinuoft_0495.png"; bbox 0 0 1578 2470; ppageno 0'>
   <div class='ocr_carea' id='block_1_1' title="bbox 669 121 874 159">
    <p class='ocr_par' dir='ltr' id='par_1_1' title="bbox 669 121 874 159">
     <span class='ocr_line' id='line_1_1' title="bbox 669 121 874 159; baseline 0 -1"><span class='ocrx_word' id='word_1_1' title='bbox 669 121 824 159; x_wconf 85' lang='lat' dir='ltr'>INDEX</span> <span class='ocrx_word' id='word_1_2' title='bbox 848 123 874 158; x_wconf 96' lang='lat' dir='ltr'><strong>I.</strong></span> 
     </span>
    </p>
   </div>
   <div class='ocr_carea' id='block_1_2' title="bbox 118 229 739 2073">
    <p class='ocr_par' dir='ltr' id='par_1_2' title="bbox 128 229 739 274">
     <span class='ocr_line' id='line_1_2' title="bbox 128 229 739 274; baseline 0 -8"><span class='ocrx_word' id='word_1_3' title='bbox 128 229 314 266; x_wconf 84' lang='lat' dir='ltr'><strong>domina</strong></span> <span class='ocrx_word' id='word_1_4' title='bbox 368 229 528 274; x_wconf 86' lang='lat' dir='ltr'><strong>pecunia</strong></span> <span class='ocrx_word' id='word_1_5' title='bbox 575 240 651 265; x_wconf 87' lang='lat' dir='ltr'><strong>uon</strong></span> <span class='ocrx_word' id='word_1_6' title='bbox 699 230 739 266; x_wconf 89' lang='lat' dir='ltr'><strong>in</strong></span> 
     </span>
    </p>

    <p class='ocr_par' dir='ltr' id='par_1_3' title="bbox 120 275 448 321">
     <span class='ocr_line' id='line_1_3' title="bbox 120 275 448 321; baseline 0 -9"><span class='ocrx_word' id='word_1_7' title='bbox 120 299 121 302; x_wconf 60' lang='lat'><em>=</em></span> <span class='ocrx_word' id='word_1_8' title='bbox 154 275 299 312; x_wconf 83' lang='lat' dir='ltr'><strong>cunctis</strong></span> <span class='ocrx_word' id='word_1_9' title='bbox 325 280 382 321; x_wconf 89' lang='lat'><strong>33,</strong></span> <span class='ocrx_word' id='word_1_10' title='bbox 402 279 448 312; x_wconf 99' lang='grc'><strong>20</strong></span> 
     </span>
    </p>

    <p class='ocr_par' dir='ltr' id='par_1_4' title="bbox 129 323 738 511">
     <span class='ocr_line' id='line_1_4' title="bbox 129 323 738 369; baseline 0.002 -9"><span class='ocrx_word' id='word_1_11' title='bbox 129 323 300 360; x_wconf 79' lang='lat' dir='ltr'><strong>donare</strong></span> <span class='ocrx_word' id='word_1_12' title='bbox 333 325 447 369; x_wconf 86' lang='lat' dir='ltr'><strong>caput</strong></span> <span class='ocrx_word' id='word_1_13' title='bbox 472 323 630 360; x_wconf 82' lang='lat' dir='ltr'><strong>alicuius</strong></span> <span class='ocrx_word' id='word_1_14' title='bbox 657 328 738 369; x_wconf 90' lang='grc'>167,</span> 
     </span>
     <span class='ocr_line' id='line_1_5' title="bbox 152 371 735 417; baseline 0 -10"><span class='ocrx_word' id='word_1_15' title='bbox 152 375 178 407; x_wconf 86' lang='grc'><strong>4</strong></span> <span class='ocrx_word' id='word_1_16' title='bbox 231 371 268 406; x_wconf 79' lang='lat' dir='ltr'><strong>d.</strong></span> <span class='ocrx_word' id='word_1_17' title='bbox 306 371 448 407; x_wconf 87' lang='lat' dir='ltr'><strong>crimen</strong></span> <span class='ocrx_word' id='word_1_18' title='bbox 477 371 623 407; x_wconf 83' lang='lat' dir='ltr'><strong>meritis</strong></span> <span class='ocrx_word' id='word_1_19' title='bbox 654 376 735 417; x_wconf 90' lang='lat'>222,</span> 
     </span>
     <span class='ocr_line' id='line_1_6' title="bbox 155 418 737 455; baseline 0.002 -1"><span class='ocrx_word' id='word_1_20' title='bbox 155 422 201 454; x_wconf 86' lang='lat'>19</span> <span class='ocrx_word' id='word_1_21' title='bbox 268 418 407 454; x_wconf 84' lang='lat' dir='ltr'><strong>donate</strong></span> <span class='ocrx_word' id='word_1_22' title='bbox 455 419 600 455; x_wconf 82' lang='lat' dir='ltr'><strong>meritis</strong></span> <span class='ocrx_word' id='word_1_23' title='bbox 643 420 737 455; x_wconf 79' lang='lat' dir='ltr'><strong>meis</strong></span> 
     </span>
     <span class='ocr_line' id='line_1_7' title="bbox 153 465 450 511; baseline 0.003 -10"><span class='ocrx_word' id='word_1_24' title='bbox 153 465 275 501; x_wconf 87' lang='lat' dir='ltr'><strong>filium</strong></span> <span class='ocrx_word' id='word_1_25' title='bbox 299 470 381 511; x_wconf 87' lang='lat'>241,</span> <span class='ocrx_word' id='word_1_26' title='bbox 407 470 450 502; x_wconf 87' lang='lat'>16</span> 
     </span>
    </p>

    <p class='ocr_par' dir='ltr' id='par_1_5' title="bbox 125 513 735 653">
     <span class='ocr_line' id='line_1_8' title="bbox 125 513 735 558; baseline 0.002 -9"><span class='ocrx_word' id='word_1_27' title='bbox 125 513 210 549; x_wconf 81' lang='lat' dir='ltr'><strong>dos</strong></span> <span class='ocrx_word' id='word_1_28' title='bbox 229 513 264 549; x_wconf 84' lang='lat' dir='ltr'><strong>d.</strong></span> <span class='ocrx_word' id='word_1_29' title='bbox 279 517 366 558; x_wconf 79' lang='grc'>860,</span> <span class='ocrx_word' id='word_1_30' title='bbox 393 516 552 558; x_wconf 79' lang='grc'>200,15,</span> <span class='ocrx_word' id='word_1_31' title='bbox 577 517 658 558; x_wconf 82' lang='grc'>366,</span> <span class='ocrx_word' id='word_1_32' title='bbox 672 517 735 557; x_wconf 86' lang='grc'><strong>26,</strong></span> 
     </span>
     <span class='ocr_line' id='line_1_9' title="bbox 151 560 735 607; baseline -0.002 -10"><span class='ocrx_word' id='word_1_33' title='bbox 151 564 234 606; x_wconf 84' lang='grc'>368,</span> <span class='ocrx_word' id='word_1_34' title='bbox 258 564 282 596; x_wconf 84' lang='grc'><strong>4</strong></span> <span class='ocrx_word' id='word_1_35' title='bbox 330 561 448 607; x_wconf 87' lang='lat' dir='ltr'><strong>dupla.</strong></span> <span class='ocrx_word' id='word_1_36' title='bbox 473 560 507 596; x_wconf 87' lang='lat' dir='ltr'><strong>d.</strong></span> <span class='ocrx_word' id='word_1_37' title='bbox 534 564 616 605; x_wconf 87' lang='lat'>428,</span> <span class='ocrx_word' id='word_1_38' title='bbox 636 565 669 596; x_wconf 88' lang='grc'><strong>4.</strong></span> <span class='ocrx_word' id='word_1_39' title='bbox 693 565 735 596; x_wconf 88' lang='grc'><strong>12</strong></span> 
     </span>
     <span class='ocr_line' id='line_1_10' title="bbox 150 608 735 653; baseline -0.002 -8"><span class='ocrx_word' id='word_1_40' title='bbox 150 609 252 645; x_wconf 83' lang='lat' dir='ltr'><strong>dotis</strong></span> <span class='ocrx_word' id='word_1_41' title='bbox 271 609 446 653; x_wconf 79' lang='lat' dir='ltr'><strong>frequens</strong></span> <span class='ocrx_word' id='word_1_42' title='bbox 464 608 606 644; x_wconf 86' lang='lat' dir='ltr'><strong>mentio</strong></span> <span class='ocrx_word' id='word_1_43' title='bbox 625 613 703 653; x_wconf 91' lang='lat'>190,</span> <span class='ocrx_word' id='word_1_44' title='bbox 716 613 735 644; x_wconf 93' lang='grc'>7</span> 
     </span>
    </p>

    <p class='ocr_par' dir='ltr' id='par_1_6' title="bbox 124 655 739 1222">
     <span class='ocr_line' id='line_1_11' title="bbox 124 655 737 702; baseline -0.003 -10"><span class='ocrx_word' id='word_1_45' title='bbox 124 656 298 692; x_wconf 81' lang='lat' dir='ltr'><strong>ducere</strong></span> <span class='ocrx_word' id='word_1_46' title='bbox 330 657 391 701; x_wconf 84' lang='lat' dir='ltr'><strong>(ad</strong></span> <span class='ocrx_word' id='word_1_47' title='bbox 422 655 647 702; x_wconf 74' lang='lat' dir='ltr'><strong>supplicium</strong></span> <span class='ocrx_word' id='word_1_48' title='bbox 675 659 737 700; x_wconf 85' lang='lat' dir='ltr'><strong>sc.)</strong></span> 
     </span>
     <span class='ocr_line' id='line_1_12' title="bbox 154 705 737 748; baseline 0 -9"><span class='ocrx_word' id='word_1_49' title='bbox 154 707 235 748; x_wconf 89' lang='lat'>101,</span> <span class='ocrx_word' id='word_1_50' title='bbox 262 708 325 748; x_wconf 88' lang='grc'><strong>27,</strong></span> <span class='ocrx_word' id='word_1_51' title='bbox 369 707 451 748; x_wconf 93' lang='grc'>242,</span> <span class='ocrx_word' id='word_1_52' title='bbox 479 707 540 747; x_wconf 88' lang='grc'><strong>18,</strong></span> <span class='ocrx_word' id='word_1_53' title='bbox 580 705 676 747; x_wconf 76' lang='grc'>(285,</span> <span class='ocrx_word' id='word_1_54' title='bbox 701 706 737 748; x_wconf 82' lang='lat'><strong>9)</strong></span> 
     </span>
     <span class='ocr_line' id='line_1_13' title="bbox 150 750 739 796; baseline 0 -10"><span class='ocrx_word' id='word_1_55' title='bbox 150 751 187 786; x_wconf 87' lang='lat' dir='ltr'><strong>d.</strong></span> <span class='ocrx_word' id='word_1_56' title='bbox 219 750 259 786; x_wconf 90' lang='lat' dir='ltr'><strong>in</strong></span> <span class='ocrx_word' id='word_1_57' title='bbox 289 750 348 786; x_wconf 83' lang='lat' dir='ltr'><strong>ius</strong></span> <span class='ocrx_word' id='word_1_58' title='bbox 379 754 459 795; x_wconf 93' lang='grc'>157,</span> <span class='ocrx_word' id='word_1_59' title='bbox 482 754 526 786; x_wconf 92' lang='grc'><strong>18</strong></span> <span class='ocrx_word' id='word_1_60' title='bbox 579 751 614 786; x_wconf 86' lang='lat' dir='ltr'><strong>d.</strong></span> <span class='ocrx_word' id='word_1_61' title='bbox 646 751 739 796; x_wconf 79' lang='lat' dir='ltr'><strong>alqd.</strong></span> 
     </span>
     <span class='ocr_line' id='line_1_14' title="bbox 153 797 736 844; baseline 0 -10"><span class='ocrx_word' id='word_1_62' title='bbox 153 809 200 834; x_wconf 88' lang='lat' dir='ltr'><strong>ex</strong></span> <span class='ocrx_word' id='word_1_63' title='bbox 223 797 352 844; x_wconf 78' lang='lat' dir='ltr'><strong>aliqua</strong></span> <span class='ocrx_word' id='word_1_64' title='bbox 369 809 409 834; x_wconf 89' lang='lat' dir='ltr'><strong>re</strong></span> <span class='ocrx_word' id='word_1_65' title='bbox 430 801 487 840; x_wconf 86' lang='lat'><strong>31,</strong></span> <span class='ocrx_word' id='word_1_66' title='bbox 508 802 570 842; x_wconf 75' lang='lat'><strong>303</strong></span> <span class='ocrx_word' id='word_1_67' title='bbox 599 802 678 843; x_wconf 87' lang='grc'>191,</span> <span class='ocrx_word' id='word_1_68' title='bbox 698 802 736 842; x_wconf 83' lang='grc'><strong>7,</strong></span> 
     </span>
     <span class='ocr_line' id='line_1_15' title="bbox 149 849 736 891; baseline 0 -10"><span class='ocrx_word' id='word_1_69' title='bbox 149 849 234 890; x_wconf 85' lang='grc'>280,</span> <span class='ocrx_word' id='word_1_70' title='bbox 255 850 294 888; x_wconf 85' lang='grc'><strong>3,</strong></span> <span class='ocrx_word' id='word_1_71' title='bbox 319 850 402 891; x_wconf 83' lang='grc'>331,</span> <span class='ocrx_word' id='word_1_72' title='bbox 423 850 479 881; x_wconf 89' lang='grc'><strong>10.</strong></span> <span class='ocrx_word' id='word_1_73' title='bbox 502 849 562 887; x_wconf 81' lang='grc'><strong>18,</strong></span> <span class='ocrx_word' id='word_1_74' title='bbox 589 849 670 890; x_wconf 87' lang='grc'>366,</span> <span class='ocrx_word' id='word_1_75' title='bbox 693 850 736 881; x_wconf 88' lang='grc'><strong>16</strong></span> 
     </span>
     <span class='ocr_line' id='line_1_16' title="bbox 152 893 735 937; baseline 0 -8"><span class='ocrx_word' id='word_1_76' title='bbox 152 894 189 929; x_wconf 86' lang='lat' dir='ltr'><strong>d.</strong></span> <span class='ocrx_word' id='word_1_77' title='bbox 220 893 476 929; x_wconf 79' lang='lat' dir='ltr'><strong>coniecturam</strong></span> <span class='ocrx_word' id='word_1_78' title='bbox 503 897 583 937; x_wconf 94' lang='lat'>145,</span> <span class='ocrx_word' id='word_1_79' title='bbox 604 897 649 928; x_wconf 88' lang='grc'>28</span> <span class='ocrx_word' id='word_1_80' title='bbox 700 894 735 930; x_wconf 90' lang='lat' dir='ltr'><strong>d.</strong></span> 
     </span>
     <span class='ocr_line' id='line_1_17' title="bbox 151 941 736 986; baseline -0.002 -10"><span class='ocrx_word' id='word_1_81' title='bbox 151 941 317 976; x_wconf 86' lang='lat' dir='ltr'><strong>colorem</strong></span> <span class='ocrx_word' id='word_1_82' title='bbox 345 942 386 976; x_wconf 85' lang='lat' dir='ltr'><strong>et</strong></span> <span class='ocrx_word' id='word_1_83' title='bbox 409 941 562 976; x_wconf 89' lang='lat' dir='ltr'><strong>modum</strong></span> <span class='ocrx_word' id='word_1_84' title='bbox 590 944 670 986; x_wconf 83' lang='lat'>140,</span> <span class='ocrx_word' id='word_1_85' title='bbox 690 945 736 976; x_wconf 90' lang='lat'><strong>20</strong></span> 
     </span>
     <span class='ocr_line' id='line_1_18' title="bbox 148 987 736 1033; baseline 0 -10"><span class='ocrx_word' id='word_1_86' title='bbox 148 988 187 1023; x_wconf 82' lang='lat' dir='ltr'><strong>d.</strong></span> <span class='ocrx_word' id='word_1_87' title='bbox 219 987 410 1024; x_wconf 71' lang='lat' dir='ltr'><strong>adfectum</strong></span> <span class='ocrx_word' id='word_1_88' title='bbox 442 988 621 1023; x_wconf 80' lang='lat' dir='ltr'><strong>adversus</strong></span> <span class='ocrx_word' id='word_1_89' title='bbox 647 988 736 1033; x_wconf 87' lang='lat' dir='ltr'><strong>alqd</strong></span> 
     </span>
     <span class='ocr_line' id='line_1_19' title="bbox 152 1034 734 1080; baseline 0 -10"><span class='ocrx_word' id='word_1_90' title='bbox 152 1039 232 1080; x_wconf 89' lang='grc'>179,</span> <span class='ocrx_word' id='word_1_91' title='bbox 256 1039 302 1070; x_wconf 88' lang='grc'><strong>23</strong></span> <span class='ocrx_word' id='word_1_92' title='bbox 351 1034 554 1070; x_wconf 81' lang='lat' dir='ltr'><strong>maximam</strong></span> <span class='ocrx_word' id='word_1_93' title='bbox 586 1037 734 1080; x_wconf 86' lang='lat' dir='ltr'><strong>partem</strong></span> 
     </span>
     <span class='ocr_line' id='line_1_20' title="bbox 148 1082 733 1127; baseline 0.002 -10"><span class='ocrx_word' id='word_1_94' title='bbox 148 1082 380 1119; x_wconf 82' lang='lat' dir='ltr'><strong>defensionis</strong></span> <span class='ocrx_word' id='word_1_95' title='bbox 422 1083 463 1118; x_wconf 90' lang='lat' dir='ltr'><strong>in</strong></span> <span class='ocrx_word' id='word_1_96' title='bbox 506 1083 578 1118; x_wconf 83' lang='lat' dir='ltr'><strong>hoo</strong></span> <span class='ocrx_word' id='word_1_97' title='bbox 618 1082 733 1127; x_wconf 86' lang='lat' dir='ltr'>ducit,</span> 
     </span>
     <span class='ocr_line' id='line_1_21' title="bbox 148 1130 734 1176; baseline 0.002 -11"><span class='ocrx_word' id='word_1_98' title='bbox 148 1131 211 1167; x_wconf 87' lang='lat' dir='ltr'><strong>ut.</strong></span> <span class='ocrx_word' id='word_1_99' title='bbox 227 1159 236 1167; x_wconf 88' lang='lat'>.</span> <span class='ocrx_word' id='word_1_100' title='bbox 256 1133 314 1174; x_wconf 87' lang='grc'><strong>29,</strong></span> <span class='ocrx_word' id='word_1_101' title='bbox 329 1133 375 1165; x_wconf 88' lang='grc'><strong>29</strong></span> <span class='ocrx_word' id='word_1_102' title='bbox 420 1130 454 1167; x_wconf 89' lang='lat' dir='ltr'><strong>d.</strong></span> <span class='ocrx_word' id='word_1_103' title='bbox 475 1130 640 1166; x_wconf 81' lang='lat' dir='ltr'><strong>verbain</strong></span> <span class='ocrx_word' id='word_1_104' title='bbox 653 1131 734 1176; x_wconf 89' lang='lat' dir='ltr'><strong>plu-</strong></span> 
     </span>
     <span class='ocr_line' id='line_1_22' title="bbox 149 1176 734 1222; baseline 0 -10"><span class='ocrx_word' id='word_1_105' title='bbox 149 1189 211 1213; x_wconf 79' lang='lat' dir='ltr'><strong>res</strong></span> <span class='ocrx_word' id='word_1_106' title='bbox 240 1176 456 1213; x_wconf 80' lang='lat' dir='ltr'><strong>intellectus</strong></span> <span class='ocrx_word' id='word_1_107' title='bbox 488 1181 576 1222; x_wconf 88' lang='grc'>246,</span> <span class='ocrx_word' id='word_1_108' title='bbox 603 1181 648 1212; x_wconf 92' lang='grc'><strong>20</strong></span> <span class='ocrx_word' id='word_1_109' title='bbox 686 1178 734 1221; x_wconf 81' lang='lat' dir='ltr'><strong>cf.</strong></span> 
     </span>
    </p>

    <p class='ocr_par' dir='ltr' id='par_1_7' title="bbox 118 1224 737 1554">
     <span class='ocr_line' id='line_1_23' title="bbox 118 1224 734 1270; baseline -0.002 -10"><span class='ocrx_word' id='word_1_110' title='bbox 118 1252 122 1256; x_wconf 91' lang='lat'>.</span> <span class='ocrx_word' id='word_1_111' title='bbox 148 1224 301 1260; x_wconf 75' lang='lat' dir='ltr'><strong>tmhere</strong></span> <span class='ocrx_word' id='word_1_112' title='bbox 325 1244 371 1252; x_wconf 88' lang='lat'><strong>·-</strong></span> <span class='ocrx_word' id='word_1_113' title='bbox 400 1225 562 1259; x_wconf 85' lang='lat' dir='ltr'><strong>multum</strong></span> <span class='ocrx_word' id='word_1_114' title='bbox 591 1225 734 1270; x_wconf 87' lang='lat' dir='ltr'><strong>impen-</strong></span> 
     </span>
     <span class='ocr_line' id='line_1_24' title="bbox 150 1271 737 1315; baseline -0.002 -8"><span class='ocrx_word' id='word_1_115' title='bbox 150 1271 298 1307; x_wconf 83' lang='lat' dir='ltr'>diorum</span> <span class='ocrx_word' id='word_1_116' title='bbox 325 1271 460 1308; x_wconf 86' lang='lat' dir='ltr'><strong>ducere</strong></span> <span class='ocrx_word' id='word_1_117' title='bbox 480 1275 561 1315; x_wconf 86' lang='grc'>347,</span> <span class='ocrx_word' id='word_1_118' title='bbox 578 1276 614 1307; x_wconf 90' lang='grc'><strong>6.</strong></span> <span class='ocrx_word' id='word_1_119' title='bbox 634 1272 737 1307; x_wconf 88' lang='lat' dir='ltr'><strong>ducit</strong></span> 
     </span>
     <span class='ocr_line' id='line_1_25' title="bbox 150 1318 734 1365; baseline -0.002 -11"><span class='ocrx_word' id='word_1_120' title='bbox 150 1330 212 1354; x_wconf 91' lang='lat' dir='ltr'><strong>me</strong></span> <span class='ocrx_word' id='word_1_121' title='bbox 225 1318 433 1365; x_wconf 80' lang='lat' dir='ltr'>indignitas</span> <span class='ocrx_word' id='word_1_122' title='bbox 446 1319 648 1363; x_wconf 89' lang='lat' dir='ltr'>rei208,24</span> <span class='ocrx_word' id='word_1_123' title='bbox 674 1320 734 1354; x_wconf 90' lang='lat' dir='ltr'><strong>du.</strong></span> 
     </span>
     <span class='ocr_line' id='line_1_26' title="bbox 153 1366 735 1412; baseline -0.002 -10"><span class='ocrx_word' id='word_1_124' title='bbox 153 1367 284 1412; x_wconf 81' lang='lat' dir='ltr'><strong>(alqm)</strong></span> <span class='ocrx_word' id='word_1_125' title='bbox 311 1366 454 1412; x_wconf 79' lang='lat' dir='ltr'><strong>species</strong></span> <span class='ocrx_word' id='word_1_126' title='bbox 481 1370 538 1409; x_wconf 88' lang='lat'><strong>38,</strong></span> <span class='ocrx_word' id='word_1_127' title='bbox 566 1369 627 1411; x_wconf 80' lang='lat'><strong>183</strong></span> <span class='ocrx_word' id='word_1_128' title='bbox 654 1370 735 1411; x_wconf 90' lang='grc'>291,</span> 
     </span>
     <span class='ocr_line' id='line_1_27' title="bbox 148 1413 735 1459; baseline 0 -10"><span class='ocrx_word' id='word_1_129' title='bbox 148 1417 216 1458; x_wconf 80' lang='grc'><strong>25,</strong></span> <span class='ocrx_word' id='word_1_130' title='bbox 243 1417 361 1458; x_wconf 83' lang='grc'>311,8</span> <span class='ocrx_word' id='word_1_131' title='bbox 394 1414 453 1449; x_wconf 88' lang='lat' dir='ltr'><strong>du.</strong></span> <span class='ocrx_word' id='word_1_132' title='bbox 481 1414 611 1459; x_wconf 84' lang='lat' dir='ltr'><strong>(alqm)</strong></span> <span class='ocrx_word' id='word_1_133' title='bbox 637 1413 735 1449; x_wconf 86' lang='lat' dir='ltr'><strong>ratio</strong></span> 
     </span>
     <span class='ocr_line' id='line_1_28' title="bbox 151 1461 735 1506; baseline -0.002 -10"><span class='ocrx_word' id='word_1_134' title='bbox 151 1464 234 1506; x_wconf 88' lang='lat'>298,</span> <span class='ocrx_word' id='word_1_135' title='bbox 258 1465 278 1496; x_wconf 89' lang='grc'><strong>2</strong></span> <span class='ocrx_word' id='word_1_136' title='bbox 306 1481 351 1487; x_wconf 92' lang='grc'><strong>-</strong></span> <span class='ocrx_word' id='word_1_137' title='bbox 377 1461 412 1497; x_wconf 87' lang='lat' dir='ltr'><strong>d.</strong></span> <span class='ocrx_word' id='word_1_138' title='bbox 439 1462 502 1506; x_wconf 91' lang='lat'><strong>(=</strong></span> <span class='ocrx_word' id='word_1_139' title='bbox 526 1463 735 1504; x_wconf 83' lang='lat' dir='ltr'><strong>numerare)</strong></span> 
     </span>
     <span class='ocr_line' id='line_1_29' title="bbox 153 1507 735 1554; baseline -0.003 -10"><span class='ocrx_word' id='word_1_140' title='bbox 153 1508 244 1554; x_wconf 85' lang='lat' dir='ltr'>alqd</span> <span class='ocrx_word' id='word_1_141' title='bbox 267 1508 367 1544; x_wconf 86' lang='lat' dir='ltr'><strong>inter</strong></span> <span class='ocrx_word' id='word_1_142' title='bbox 391 1507 574 1544; x_wconf 84' lang='lat' dir='ltr'><strong>beneficia</strong></span> <span class='ocrx_word' id='word_1_143' title='bbox 595 1511 676 1553; x_wconf 87' lang='grc'>294,</span> <span class='ocrx_word' id='word_1_144' title='bbox 690 1512 735 1543; x_wconf 88' lang='grc'><strong>22</strong></span> 
     </span>
    </p>

    <p class='ocr_par' dir='ltr' id='par_1_8' title="bbox 124 1556 536 1600">
     <span class='ocr_line' id='line_1_30' title="bbox 124 1556 536 1600; baseline -0.002 -9"><span class='ocrx_word' id='word_1_145' title='bbox 124 1556 368 1591; x_wconf 82' lang='lat' dir='ltr'><strong>dumtaxat</strong></span> <span class='ocrx_word' id='word_1_146' title='bbox 393 1559 473 1600; x_wconf 90' lang='grc'>377,</span> <span class='ocrx_word' id='word_1_147' title='bbox 495 1559 536 1590; x_wconf 88' lang='grc'><strong>11</strong></span> 
     </span>
    </p>

    <p class='ocr_par' dir='ltr' id='par_1_9' title="bbox 123 1602 735 1791">
     <span class='ocr_line' id='line_1_31' title="bbox 123 1602 735 1649; baseline 0 -11"><span class='ocrx_word' id='word_1_148' title='bbox 123 1604 231 1647; x_wconf 85' lang='lat' dir='ltr'>duo,</span> <span class='ocrx_word' id='word_1_149' title='bbox 263 1602 468 1649; x_wconf 78' lang='lat' dir='ltr'><strong>simplicia,</strong></span> <span class='ocrx_word' id='word_1_150' title='bbox 501 1603 650 1648; x_wconf 77' lang='lat' dir='ltr'><strong>singula</strong></span> <span class='ocrx_word' id='word_1_151' title='bbox 678 1603 735 1639; x_wconf 83' lang='lat' dir='ltr'><strong>ta-</strong></span> 
     </span>
     <span class='ocr_line' id='line_1_32' title="bbox 150 1651 735 1695; baseline -0.002 -9"><span class='ocrx_word' id='word_1_152' title='bbox 150 1662 238 1687; x_wconf 88' lang='lat' dir='ltr'><strong>men</strong></span> <span class='ocrx_word' id='word_1_153' title='bbox 271 1654 351 1693; x_wconf 79' lang='lat'>127,</span> <span class='ocrx_word' id='word_1_154' title='bbox 378 1654 399 1686; x_wconf 89' lang='grc'>9</span> <span class='ocrx_word' id='word_1_155' title='bbox 437 1651 497 1695; x_wconf 79' lang='lat' dir='ltr'><strong>(ef.</strong></span> <span class='ocrx_word' id='word_1_156' title='bbox 525 1655 583 1694; x_wconf 89' lang='lat'><strong>84,</strong></span> <span class='ocrx_word' id='word_1_157' title='bbox 602 1654 735 1695; x_wconf 82' lang='lat' dir='ltr'>2sqq.;</span> 
     </span>
     <span class='ocr_line' id='line_1_33' title="bbox 152 1698 557 1743; baseline 0.002 -10"><span class='ocrx_word' id='word_1_158' title='bbox 152 1701 234 1742; x_wconf 83' lang='lat'>221,</span> <span class='ocrx_word' id='word_1_159' title='bbox 254 1701 345 1743; x_wconf 78' lang='lat' dir='ltr'><strong>4eq.</strong></span> <span class='ocrx_word' id='word_1_160' title='bbox 370 1702 404 1734; x_wconf 81' lang='lat' dir='ltr'><strong>et</strong></span> <span class='ocrx_word' id='word_1_161' title='bbox 427 1709 459 1735; x_wconf 81' lang='grc' dir='ltr'><strong>υ.</strong></span> <span class='ocrx_word' id='word_1_162' title='bbox 485 1698 557 1743; x_wconf 80' lang='lat' dir='ltr'><strong>vis)</strong></span> 
     </span>
     <span class='ocr_line' id='line_1_34' title="bbox 127 1744 531 1791; baseline -0.002 -10"><span class='ocrx_word' id='word_1_163' title='bbox 127 1744 384 1791; x_wconf 70' lang='lat' dir='ltr'>dupliciter</span> <span class='ocrx_word' id='word_1_164' title='bbox 410 1748 466 1791; x_wconf 89' lang='lat'><strong>15,</strong></span> <span class='ocrx_word' id='word_1_165' title='bbox 488 1749 531 1780; x_wconf 89' lang='grc'><strong>19</strong></span> 
     </span>
    </p>

    <p class='ocr_par' dir='ltr' id='par_1_10' title="bbox 123 1793 735 1980">
     <span class='ocr_line' id='line_1_35' title="bbox 123 1793 734 1837; baseline 0.002 -9"><span class='ocrx_word' id='word_1_166' title='bbox 123 1793 291 1828; x_wconf 77' lang='lat' dir='ltr'><strong>durare</strong></span> <span class='ocrx_word' id='word_1_167' title='bbox 318 1793 449 1828; x_wconf 79' lang='lat' dir='ltr'><strong>contra</strong></span> <span class='ocrx_word' id='word_1_168' title='bbox 468 1793 636 1829; x_wconf 87' lang='lat' dir='ltr'><strong>dolorem</strong></span> <span class='ocrx_word' id='word_1_169' title='bbox 653 1797 734 1837; x_wconf 89' lang='lat'>208,</span> 
     </span>
     <span class='ocr_line' id='line_1_36' title="bbox 153 1839 735 1886; baseline -0.002 -10"><span class='ocrx_word' id='word_1_170' title='bbox 153 1845 199 1877; x_wconf 85' lang='grc'><strong>16</strong></span> <span class='ocrx_word' id='word_1_171' title='bbox 243 1839 278 1877; x_wconf 88' lang='lat' dir='ltr'><strong>d.</strong></span> <span class='ocrx_word' id='word_1_172' title='bbox 298 1840 348 1875; x_wconf 83' lang='lat' dir='ltr'><strong>ad</strong></span> <span class='ocrx_word' id='word_1_173' title='bbox 362 1839 581 1886; x_wconf 85' lang='lat' dir='ltr'><strong>sanguinem</strong></span> <span class='ocrx_word' id='word_1_174' title='bbox 598 1844 679 1885; x_wconf 89' lang='grc'>137,</span> <span class='ocrx_word' id='word_1_175' title='bbox 692 1845 735 1876; x_wconf 92' lang='grc'><strong>19</strong></span> 
     </span>
     <span class='ocr_line' id='line_1_37' title="bbox 153 1887 735 1931; baseline -0.002 -8"><span class='ocrx_word' id='word_1_176' title='bbox 153 1888 189 1924; x_wconf 86' lang='lat' dir='ltr'><strong>d.</strong></span> <span class='ocrx_word' id='word_1_177' title='bbox 219 1887 261 1923; x_wconf 90' lang='lat' dir='ltr'><strong>in</strong></span> <span class='ocrx_word' id='word_1_178' title='bbox 285 1888 375 1931; x_wconf 85' lang='lat' dir='ltr'>hoc,</span> <span class='ocrx_word' id='word_1_179' title='bbox 406 1890 489 1924; x_wconf 85' lang='lat' dir='ltr'><strong>ut..</strong></span> <span class='ocrx_word' id='word_1_180' title='bbox 518 1891 598 1931; x_wconf 87' lang='grc'>173,</span> <span class='ocrx_word' id='word_1_181' title='bbox 621 1891 664 1922; x_wconf 89' lang='grc'><strong>16</strong></span> <span class='ocrx_word' id='word_1_182' title='bbox 691 1908 735 1914; x_wconf 91' lang='grc'>-</span> 
     </span>
     <span class='ocr_line' id='line_1_38' title="bbox 152 1935 647 1980; baseline 0 -11"><span class='ocrx_word' id='word_1_183' title='bbox 152 1937 213 1977; x_wconf 78' lang='lat'><strong>(==</strong></span> <span class='ocrx_word' id='word_1_184' title='bbox 236 1935 404 1980; x_wconf 81' lang='lat' dir='ltr'><strong>manere)</strong></span> <span class='ocrx_word' id='word_1_185' title='bbox 431 1938 513 1977; x_wconf 90' lang='lat'>213,</span> <span class='ocrx_word' id='word_1_186' title='bbox 534 1938 578 1970; x_wconf 91' lang='lat'><strong>23</strong></span> <span class='ocrx_word' id='word_1_187' title='bbox 593 1945 647 1978; x_wconf 83' lang='lat' dir='ltr'><strong>sq.</strong></span> 
     </span>
    </p>

    <p class='ocr_par' dir='ltr' id='par_1_11' title="bbox 124 1981 736 2073">
     <span class='ocr_line' id='line_1_39' title="bbox 124 1981 736 2027; baseline -0.002 -9"><span class='ocrx_word' id='word_1_188' title='bbox 124 1982 267 2018; x_wconf 85' lang='lat' dir='ltr'><strong>durus</strong></span> <span class='ocrx_word' id='word_1_189' title='bbox 291 1983 401 2027; x_wconf 83' lang='lat' dir='ltr'><strong>pater</strong></span> <span class='ocrx_word' id='word_1_190' title='bbox 424 1993 456 2016; x_wconf 81' lang='lat' dir='ltr'><strong>v.</strong></span> <span class='ocrx_word' id='word_1_191' title='bbox 477 1993 536 2027; x_wconf 85' lang='lat' dir='ltr'><strong>pa.</strong></span> <span class='ocrx_word' id='word_1_192' title='bbox 559 2002 603 2007; x_wconf 92' lang='lat'><strong>——</strong></span> <span class='ocrx_word' id='word_1_193' title='bbox 624 1981 736 2017; x_wconf 80' lang='lat' dir='ltr'><strong>durus</strong></span> 
     </span>
     <span class='ocr_line' id='line_1_40' title="bbox 152 2029 547 2073; baseline -0.005 -8"><span class='ocrx_word' id='word_1_194' title='bbox 152 2040 197 2065; x_wconf 85' lang='lat' dir='ltr'><strong>ac</strong></span> <span class='ocrx_word' id='word_1_195' title='bbox 221 2029 374 2064; x_wconf 80' lang='lat' dir='ltr'><strong>demens</strong></span> <span class='ocrx_word' id='word_1_196' title='bbox 402 2031 480 2073; x_wconf 89' lang='lat'>104,</span> <span class='ocrx_word' id='word_1_197' title='bbox 502 2031 547 2063; x_wconf 86' lang='lat'><strong>28</strong></span> 
     </span>
    </p>
   </div>
   <div class='ocr_carea' id='block_1_3' title="bbox 407 2111 455 2147">
    <p class='ocr_par' dir='ltr' id='par_1_12' title="bbox 407 2111 455 2147">
     <span class='ocr_line' id='line_1_41' title="bbox 407 2111 455 2147; baseline -0.021 0"><span class='ocrx_word' id='word_1_198' title='bbox 407 2111 455 2147; x_wconf 81' lang='lat' dir='ltr'><strong>E.</strong></span> 
     </span>
    </p>
   </div>
   <div class='ocr_carea' id='block_1_4' title="bbox 119 2169 737 2356">
    <p class='ocr_par' dir='ltr' id='par_1_13' title="bbox 119 2169 737 2263">
     <span class='ocr_line' id='line_1_42' title="bbox 125 2169 736 2213; baseline -0.005 -6"><span class='ocrx_word' id='word_1_199' title='bbox 125 2170 336 2208; x_wconf 77' lang='lat' dir='ltr'><strong>ebrietas</strong></span> <span class='ocrx_word' id='word_1_200' title='bbox 357 2173 438 2213; x_wconf 82' lang='lat'>234,</span> <span class='ocrx_word' id='word_1_201' title='bbox 453 2174 474 2205; x_wconf 89' lang='grc'><strong>3</strong></span> <span class='ocrx_word' id='word_1_202' title='bbox 513 2169 736 2206; x_wconf 86' lang='lat' dir='ltr'><strong>ebrietatem</strong></span> 
     </span>
     <span class='ocr_line' id='line_1_43' title="bbox 119 2216 737 2263; baseline 0 -10"><span class='ocrx_word' id='word_1_203' title='bbox 119 2247 122 2249; x_wconf 18' lang='grc' dir='ltr'><strong>Α</strong></span> <span class='ocrx_word' id='word_1_204' title='bbox 150 2229 227 2254; x_wconf 90' lang='lat' dir='ltr'><strong>non</strong></span> <span class='ocrx_word' id='word_1_205' title='bbox 262 2218 357 2253; x_wconf 83' lang='lat' dir='ltr'><strong>facit</strong></span> <span class='ocrx_word' id='word_1_206' title='bbox 390 2217 459 2252; x_wconf 89' lang='lat' dir='ltr'><strong>illa</strong></span> <span class='ocrx_word' id='word_1_207' title='bbox 489 2216 613 2263; x_wconf 85' lang='lat' dir='ltr'><strong>potio,</strong></span> <span class='ocrx_word' id='word_1_208' title='bbox 650 2218 737 2262; x_wconf 88' lang='lat' dir='ltr'><strong>post</strong></span> 
     </span>
    </p>

    <p class='ocr_par' dir='ltr' id='par_1_14' title="bbox 125 2264 734 2356">
     <span class='ocr_line' id='line_1_44' title="bbox 153 2264 734 2310; baseline -0.003 -9"><span class='ocrx_word' id='word_1_209' title='bbox 153 2275 266 2310; x_wconf 84' lang='lat' dir='ltr'><strong>quam</strong></span> <span class='ocrx_word' id='word_1_210' title='bbox 275 2264 545 2301; x_wconf 86' lang='lat' dir='ltr'><strong>concidendum</strong></span> <span class='ocrx_word' id='word_1_211' title='bbox 555 2266 613 2300; x_wconf 82' lang='lat' dir='ltr'><strong>est</strong></span> <span class='ocrx_word' id='word_1_212' title='bbox 623 2268 704 2310; x_wconf 87' lang='lat'>305,</span> <span class='ocrx_word' id='word_1_213' title='bbox 714 2269 734 2299; x_wconf 87' lang='lat'>9</span> 
     </span>
     <span class='ocr_line' id='line_1_45' title="bbox 125 2315 573 2356; baseline -0.007 -7"><span class='ocrx_word' id='word_1_214' title='bbox 125 2323 232 2349; x_wconf 79' lang='lat' dir='ltr'><strong>ecce</strong></span> <span class='ocrx_word' id='word_1_215' title='bbox 259 2316 315 2356; x_wconf 88' lang='lat'><strong>14,</strong></span> <span class='ocrx_word' id='word_1_216' title='bbox 338 2316 398 2356; x_wconf 83' lang='grc'><strong>19,</strong></span> <span class='ocrx_word' id='word_1_217' title='bbox 425 2315 506 2355; x_wconf 88' lang='grc'>242,</span> <span class='ocrx_word' id='word_1_218' title='bbox 527 2315 573 2347; x_wconf 87' lang='grc'><strong>24</strong></span> 
     </span>
    </p>
   </div>
   <div class='ocr_carea' id='block_1_5' title="bbox 1331 123 1418 165">
    <p class='ocr_par' dir='ltr' id='par_1_15' title="bbox 1331 123 1418 165">
     <span class='ocr_line' id='line_1_46' title="bbox 1331 123 1418 165; baseline 0.011 -1"><span class='ocrx_word' id='word_1_219' title='bbox 1331 123 1418 165; x_wconf 80' lang='grc'><strong>459</strong></span> 
     </span>
    </p>
   </div>
   <div class='ocr_carea' id='block_1_6' title="bbox 808 229 1420 2358">
    <p class='ocr_par' dir='ltr' id='par_1_16' title="bbox 812 229 1420 465">
     <span class='ocr_line' id='line_1_47' title="bbox 812 229 1418 283; baseline 0 -18"><span class='ocrx_word' id='word_1_220' title='bbox 812 241 832 266; x_wconf 88' lang='grc'><strong>6</strong></span> <span class='ocrx_word' id='word_1_221' title='bbox 841 230 865 265; x_wconf 85' lang='lat' dir='ltr'>d</span> <span class='ocrx_word' id='word_1_222' title='bbox 872 240 897 265; x_wconf 90' lang='lat' dir='ltr'><strong>u</strong></span> <span class='ocrx_word' id='word_1_223' title='bbox 905 240 924 265; x_wconf 87' lang='lat' dir='ltr'><strong>c</strong></span> <span class='ocrx_word' id='word_1_224' title='bbox 931 240 951 265; x_wconf 93' lang='lat' dir='ltr'><strong>e</strong></span> <span class='ocrx_word' id='word_1_225' title='bbox 959 241 978 264; x_wconf 90' lang='lat' dir='ltr'>r</span> <span class='ocrx_word' id='word_1_226' title='bbox 986 240 1005 265; x_wconf 94' lang='lat' dir='ltr'><strong>e</strong></span> <span class='ocrx_word' id='word_1_227' title='bbox 1035 229 1140 275; x_wconf 84' lang='lat' dir='ltr'><strong>alqm</strong></span> <span class='ocrx_word' id='word_1_228' title='bbox 1165 231 1343 283; x_wconf 84' lang='lat' dir='ltr'><strong>(raptam)</strong></span> <span class='ocrx_word' id='word_1_229' title='bbox 1369 231 1418 266; x_wconf 85' lang='lat' dir='ltr'><strong>ad</strong></span> 
     </span>
     <span class='ocr_line' id='line_1_48' title="bbox 834 276 1419 323; baseline 0 -11"><span class='ocrx_word' id='word_1_230' title='bbox 834 277 1101 323; x_wconf 77' lang='lat' dir='ltr'><strong>magistratum</strong></span> <span class='ocrx_word' id='word_1_231' title='bbox 1135 277 1190 313; x_wconf 84' lang='lat' dir='ltr'><strong>vel</strong></span> <span class='ocrx_word' id='word_1_232' title='bbox 1219 276 1419 323; x_wconf 78' lang='lat' dir='ltr'><strong>magistra-</strong></span> 
     </span>
     <span class='ocr_line' id='line_1_49' title="bbox 835 324 1420 370; baseline 0.002 -10"><span class='ocrx_word' id='word_1_233' title='bbox 835 326 897 360; x_wconf 81' lang='lat' dir='ltr'><strong>tus</strong></span> <span class='ocrx_word' id='word_1_234' title='bbox 928 336 961 361; x_wconf 84' lang='lat' dir='ltr'><strong>v.</strong></span> <span class='ocrx_word' id='word_1_235' title='bbox 987 326 1106 370; x_wconf 81' lang='lat' dir='ltr'><strong>rapta.</strong></span> <span class='ocrx_word' id='word_1_236' title='bbox 1133 345 1180 350; x_wconf 95' lang='lat'><strong>——</strong></span> <span class='ocrx_word' id='word_1_237' title='bbox 1206 335 1237 361; x_wconf 92' lang='lat' dir='ltr'><strong>e.</strong></span> <span class='ocrx_word' id='word_1_238' title='bbox 1268 324 1309 360; x_wconf 89' lang='lat' dir='ltr'><strong>in</strong></span> <span class='ocrx_word' id='word_1_239' title='bbox 1335 336 1420 361; x_wconf 80' lang='lat' dir='ltr'><strong>cau-</strong></span> 
     </span>
     <span class='ocr_line' id='line_1_50' title="bbox 834 375 1064 416; baseline 0.004 -9"><span class='ocrx_word' id='word_1_240' title='bbox 834 383 915 408; x_wconf 83' lang='lat' dir='ltr'><strong>sam</strong></span> <span class='ocrx_word' id='word_1_241' title='bbox 940 375 1064 416; x_wconf 80' lang='lat'>25,15</span> 
     </span>
     <span class='ocr_line' id='line_1_51' title="bbox 811 419 1420 465; baseline 0 -10"><span class='ocrx_word' id='word_1_242' title='bbox 811 419 907 456; x_wconf 84' lang='lat' dir='ltr'><strong>effu</strong></span> <span class='ocrx_word' id='word_1_243' title='bbox 913 431 939 465; x_wconf 87' lang='lat' dir='ltr'><strong>g</strong></span> <span class='ocrx_word' id='word_1_244' title='bbox 946 431 990 455; x_wconf 87' lang='lat' dir='ltr'><strong>er</strong></span> <span class='ocrx_word' id='word_1_245' title='bbox 1001 430 1021 456; x_wconf 94' lang='lat' dir='ltr'><strong>e</strong></span> <span class='ocrx_word' id='word_1_246' title='bbox 1040 431 1115 456; x_wconf 87' lang='lat' dir='ltr'><strong>non</strong></span> <span class='ocrx_word' id='word_1_247' title='bbox 1134 430 1332 465; x_wconf 81' lang='lat' dir='ltr'><strong>possumus</strong></span> <span class='ocrx_word' id='word_1_248' title='bbox 1351 431 1420 456; x_wconf 80' lang='lat' dir='ltr'><strong>nos</strong></span> 
     </span>
    </p>

    <p class='ocr_par' dir='ltr' id='par_1_17' title="bbox 811 496 1419 654">
     <span class='ocr_line' id='line_1_52' title="bbox 811 496 1419 560; baseline 0 -10"><span class='ocrx_word' id='word_1_249' title='bbox 811 525 831 550; x_wconf 93' lang='lat' dir='ltr'><strong>e</strong></span> <span class='ocrx_word' id='word_1_250' title='bbox 840 515 858 550; x_wconf 88' lang='lat' dir='ltr'><strong>f</strong></span> <span class='ocrx_word' id='word_1_251' title='bbox 861 514 880 549; x_wconf 84' lang='lat' dir='ltr'>f</span> <span class='ocrx_word' id='word_1_252' title='bbox 883 496 939 549; x_wconf 71' lang='lat' dir='ltr'><strong>u’n</strong></span> <span class='ocrx_word' id='word_1_253' title='bbox 948 515 971 550; x_wconf 89' lang='lat' dir='ltr'>d</span> <span class='ocrx_word' id='word_1_254' title='bbox 980 525 999 550; x_wconf 90' lang='lat' dir='ltr'><strong>e</strong></span> <span class='ocrx_word' id='word_1_255' title='bbox 1007 527 1025 550; x_wconf 88' lang='lat' dir='ltr'><strong>r</strong></span> <span class='ocrx_word' id='word_1_256' title='bbox 1033 525 1053 550; x_wconf 90' lang='lat' dir='ltr'><strong>e</strong></span> <span class='ocrx_word' id='word_1_257' title='bbox 1085 514 1303 560; x_wconf 78' lang='lat' dir='ltr'><strong>splendidas</strong></span> <span class='ocrx_word' id='word_1_258' title='bbox 1329 525 1419 560; x_wconf 85' lang='lat' dir='ltr'><strong>opes</strong></span> 
     </span>
     <span class='ocr_line' id='line_1_53' title="bbox 834 563 1419 608; baseline 0 -10"><span class='ocrx_word' id='word_1_259' title='bbox 834 566 892 606; x_wconf 89' lang='lat'><strong>63,</strong></span> <span class='ocrx_word' id='word_1_260' title='bbox 914 566 956 597; x_wconf 88' lang='lat'><strong>12</strong></span> <span class='ocrx_word' id='word_1_261' title='bbox 1008 573 1039 597; x_wconf 90' lang='lat' dir='ltr'><strong>e.</strong></span> <span class='ocrx_word' id='word_1_262' title='bbox 1073 564 1281 598; x_wconf 81' lang='lat' dir='ltr'><strong>extremum</strong></span> <span class='ocrx_word' id='word_1_263' title='bbox 1312 563 1419 608; x_wconf 80' lang='lat' dir='ltr'><strong>spiri-</strong></span> 
     </span>
     <span class='ocr_line' id='line_1_54' title="bbox 833 610 1064 654; baseline 0 -9"><span class='ocrx_word' id='word_1_264' title='bbox 833 610 915 645; x_wconf 75' lang='lat' dir='ltr'><strong>tum</strong></span> <span class='ocrx_word' id='word_1_265' title='bbox 943 613 1023 654; x_wconf 91' lang='grc'>172,</span> <span class='ocrx_word' id='word_1_266' title='bbox 1044 613 1064 645; x_wconf 91' lang='grc'>7</span> 
     </span>
    </p>

    <p class='ocr_par' dir='ltr' id='par_1_18' title="bbox 811 657 1417 749">
     <span class='ocr_line' id='line_1_55' title="bbox 811 657 1417 692; baseline -0.002 0"><span class='ocrx_word' id='word_1_267' title='bbox 811 657 880 692; x_wconf 87' lang='grc'><strong>616</strong></span> <span class='ocrx_word' id='word_1_268' title='bbox 889 669 925 692; x_wconf 89' lang='lat' dir='ltr'><strong>m</strong></span> <span class='ocrx_word' id='word_1_269' title='bbox 934 658 1039 692; x_wconf 84' lang='lat' dir='ltr'><strong>enta</strong></span> <span class='ocrx_word' id='word_1_270' title='bbox 1069 657 1214 692; x_wconf 86' lang='lat' dir='ltr'><strong>minuta</strong></span> <span class='ocrx_word' id='word_1_271' title='bbox 1242 658 1281 692; x_wconf 84' lang='lat' dir='ltr'><strong>et</strong></span> <span class='ocrx_word' id='word_1_272' title='bbox 1304 657 1417 692; x_wconf 82' lang='lat' dir='ltr'><strong>mira-</strong></span> 
     </span>
     <span class='ocr_line' id='line_1_56' title="bbox 834 704 1376 749; baseline -0.002 -9"><span class='ocrx_word' id='word_1_273' title='bbox 834 704 928 740; x_wconf 83' lang='lat' dir='ltr'>bilia</span> <span class='ocrx_word' id='word_1_274' title='bbox 954 704 1168 749; x_wconf 71' lang='lat' dir='ltr'>(mutabilia</span> <span class='ocrx_word' id='word_1_275' title='bbox 1174 705 1202 749; x_wconf 88' lang='lat'><strong>‘?)</strong></span> <span class='ocrx_word' id='word_1_276' title='bbox 1230 707 1310 747; x_wconf 81' lang='lat'>148,</span> <span class='ocrx_word' id='word_1_277' title='bbox 1332 708 1376 739; x_wconf 88' lang='grc'><strong>26</strong></span> 
     </span>
    </p>

    <p class='ocr_par' dir='ltr' id='par_1_19' title="bbox 812 751 1418 892">
     <span class='ocr_line' id='line_1_57' title="bbox 812 751 1417 797; baseline 0 -10"><span class='ocrx_word' id='word_1_278' title='bbox 812 751 1006 797; x_wconf 83' lang='lat' dir='ltr'><strong>eligere:</strong></span> <span class='ocrx_word' id='word_1_279' title='bbox 1041 751 1160 796; x_wconf 85' lang='lat' dir='ltr'><strong>eligat</strong></span> <span class='ocrx_word' id='word_1_280' title='bbox 1184 751 1264 796; x_wconf 83' lang='lat' dir='ltr'><strong>ipse</strong></span> <span class='ocrx_word' id='word_1_281' title='bbox 1292 755 1371 794; x_wconf 88' lang='lat'>152,</span> <span class='ocrx_word' id='word_1_282' title='bbox 1396 757 1417 788; x_wconf 88' lang='grc'><strong>9</strong></span> 
     </span>
     <span class='ocr_line' id='line_1_58' title="bbox 836 798 1417 845; baseline -0.003 -10"><span class='ocrx_word' id='word_1_283' title='bbox 836 799 966 845; x_wconf 76' lang='lat' dir='ltr'><strong>eligite</strong></span> <span class='ocrx_word' id='word_1_284' title='bbox 981 810 1093 844; x_wconf 88' lang='lat' dir='ltr'><strong>quem</strong></span> <span class='ocrx_word' id='word_1_285' title='bbox 1106 798 1232 834; x_wconf 75' lang='lat' dir='ltr'><strong>velitis</strong></span> <span class='ocrx_word' id='word_1_286' title='bbox 1247 810 1327 834; x_wconf 88' lang='grc'>6886</span> <span class='ocrx_word' id='word_1_287' title='bbox 1337 802 1417 842; x_wconf 90' lang='lat'>211,</span> 
     </span>
     <span class='ocr_line' id='line_1_59' title="bbox 834 846 1418 892; baseline 0 -10"><span class='ocrx_word' id='word_1_288' title='bbox 834 849 856 882; x_wconf 91' lang='lat'>8</span> <span class='ocrx_word' id='word_1_289' title='bbox 907 847 1005 892; x_wconf 89' lang='lat' dir='ltr'><strong>elige</strong></span> <span class='ocrx_word' id='word_1_290' title='bbox 1031 846 1132 891; x_wconf 90' lang='lat' dir='ltr'><strong>quod</strong></span> <span class='ocrx_word' id='word_1_291' title='bbox 1151 846 1255 882; x_wconf 79' lang='lat' dir='ltr'><strong>voles</strong></span> <span class='ocrx_word' id='word_1_292' title='bbox 1276 850 1356 890; x_wconf 88' lang='lat'>220,</span> <span class='ocrx_word' id='word_1_293' title='bbox 1372 850 1418 882; x_wconf 87' lang='grc'><strong>26</strong></span> 
     </span>
    </p>

    <p class='ocr_par' dir='ltr' id='par_1_20' title="bbox 810 894 1360 987">
     <span class='ocr_line' id='line_1_60' title="bbox 810 894 1360 987; baseline 0 -11"><span class='ocrx_word' id='word_1_294' title='bbox 810 894 1011 987; x_wconf 55' lang='grc'>,61331</span> <span class='ocrx_word' id='word_1_295' title='bbox 1031 895 1183 977; x_wconf 51' lang='grc'>(24433</span> <span class='ocrx_word' id='word_1_296' title='bbox 1204 894 1360 976; x_wconf 53' lang='grc'>1394414)</span> 
     </span>
    </p>

    <p class='ocr_par' dir='ltr' id='par_1_21' title="bbox 810 969 1419 1269">
     <span class='ocr_line' id='line_1_61' title="bbox 1110 969 1287 985; baseline 0.006 -1"><span class='ocrx_word' id='word_1_297' title='bbox 1110 969 1118 984; x_wconf 71' lang='lat'>2</span> <span class='ocrx_word' id='word_1_298' title='bbox 1168 969 1177 984; x_wconf 73' lang='lat'><em>7</em></span> <span class='ocrx_word' id='word_1_299' title='bbox 1275 969 1287 985; x_wconf 74' lang='lat'>5</span> 
     </span>
     <span class='ocr_line' id='line_1_62' title="bbox 810 988 1419 1034; baseline 0 -10"><span class='ocrx_word' id='word_1_300' title='bbox 810 988 1081 1034; x_wconf 74' lang='lat' dir='ltr'><strong>eloquentia</strong></span> <span class='ocrx_word' id='word_1_301' title='bbox 1106 988 1141 1024; x_wconf 92' lang='lat' dir='ltr'><strong>d.</strong></span> <span class='ocrx_word' id='word_1_302' title='bbox 1166 991 1235 1024; x_wconf 85' lang='lat'><strong>268</strong></span> <span class='ocrx_word' id='word_1_303' title='bbox 1286 999 1317 1024; x_wconf 86' lang='lat' dir='ltr'><strong>e.</strong></span> <span class='ocrx_word' id='word_1_304' title='bbox 1344 1000 1419 1024; x_wconf 90' lang='lat' dir='ltr'><strong>non</strong></span> 
     </span>
     <span class='ocr_line' id='line_1_63' title="bbox 831 1035 1419 1081; baseline -0.002 -10"><span class='ocrx_word' id='word_1_305' title='bbox 831 1036 1003 1081; x_wconf 81' lang='lat' dir='ltr'><strong>pluribus</strong></span> <span class='ocrx_word' id='word_1_306' title='bbox 1035 1035 1189 1080; x_wconf 81' lang='lat' dir='ltr'><strong>prodest</strong></span> <span class='ocrx_word' id='word_1_307' title='bbox 1215 1047 1329 1080; x_wconf 84' lang='lat' dir='ltr'><strong>quam</strong></span> <span class='ocrx_word' id='word_1_308' title='bbox 1353 1047 1419 1071; x_wconf 91' lang='lat' dir='ltr'><strong>no-</strong></span> 
     </span>
     <span class='ocr_line' id='line_1_64' title="bbox 833 1083 1419 1127; baseline 0 -9"><span class='ocrx_word' id='word_1_309' title='bbox 833 1083 894 1119; x_wconf 84' lang='lat' dir='ltr'><strong>cet</strong></span> <span class='ocrx_word' id='word_1_310' title='bbox 924 1086 980 1126; x_wconf 88' lang='grc'><strong>92,</strong></span> <span class='ocrx_word' id='word_1_311' title='bbox 1011 1086 1054 1118; x_wconf 90' lang='grc'>15</span> <span class='ocrx_word' id='word_1_312' title='bbox 1105 1094 1135 1118; x_wconf 95' lang='grc'><strong>6.</strong></span> <span class='ocrx_word' id='word_1_313' title='bbox 1173 1084 1262 1127; x_wconf 87' lang='lat' dir='ltr'><strong>quid</strong></span> <span class='ocrx_word' id='word_1_314' title='bbox 1300 1084 1356 1119; x_wconf 81' lang='lat' dir='ltr'><strong>est</strong></span> <span class='ocrx_word' id='word_1_315' title='bbox 1389 1083 1419 1118; x_wconf 85' lang='lat' dir='ltr'><strong>si</strong></span> 
     </span>
     <span class='ocr_line' id='line_1_65' title="bbox 832 1130 1419 1174; baseline 0.002 -9"><span class='ocrx_word' id='word_1_316' title='bbox 832 1131 980 1166; x_wconf 80' lang='lat' dir='ltr'><strong>iustitia</strong></span> <span class='ocrx_word' id='word_1_317' title='bbox 1003 1130 1152 1166; x_wconf 79' lang='lat' dir='ltr'><strong>valeat?</strong></span> <span class='ocrx_word' id='word_1_318' title='bbox 1178 1134 1234 1174; x_wconf 87' lang='lat'><strong>95,</strong></span> <span class='ocrx_word' id='word_1_319' title='bbox 1253 1134 1298 1165; x_wconf 91' lang='grc'><strong>22</strong></span> <span class='ocrx_word' id='word_1_320' title='bbox 1343 1131 1419 1166; x_wconf 90' lang='lat' dir='ltr'><strong>elo-</strong></span> 
     </span>
     <span class='ocr_line' id='line_1_66' title="bbox 833 1177 1418 1222; baseline 0 -10"><span class='ocrx_word' id='word_1_321' title='bbox 833 1178 1010 1222; x_wconf 75' lang='lat' dir='ltr'><strong>quentiae</strong></span> <span class='ocrx_word' id='word_1_322' title='bbox 1022 1177 1188 1212; x_wconf 78' lang='lat' dir='ltr'><strong>studium</strong></span> <span class='ocrx_word' id='word_1_323' title='bbox 1200 1189 1308 1213; x_wconf 91' lang='lat' dir='ltr'><strong>omne</strong></span> <span class='ocrx_word' id='word_1_324' title='bbox 1319 1177 1418 1213; x_wconf 85' lang='lat' dir='ltr'><strong>circa</strong></span> 
     </span>
     <span class='ocr_line' id='line_1_67' title="bbox 832 1225 1098 1269; baseline -0.008 -9"><span class='ocrx_word' id='word_1_325' title='bbox 832 1225 947 1260; x_wconf 88' lang='lat' dir='ltr'><strong>verba</strong></span> <span class='ocrx_word' id='word_1_326' title='bbox 973 1228 1031 1269; x_wconf 89' lang='lat'><strong>95,</strong></span> <span class='ocrx_word' id='word_1_327' title='bbox 1052 1228 1098 1258; x_wconf 88' lang='lat'><strong>24</strong></span> 
     </span>
    </p>

    <p class='ocr_par' dir='ltr' id='par_1_22' title="bbox 810 1271 1414 1363">
     <span class='ocr_line' id='line_1_68' title="bbox 810 1271 1414 1317; baseline 0 -11"><span class='ocrx_word' id='word_1_328' title='bbox 810 1272 880 1307; x_wconf 87' lang='grc'><strong>610</strong></span> <span class='ocrx_word' id='word_1_329' title='bbox 888 1283 913 1316; x_wconf 87' lang='lat' dir='ltr'>q</span> <span class='ocrx_word' id='word_1_330' title='bbox 921 1272 981 1306; x_wconf 86' lang='lat' dir='ltr'><strong>ui:</strong></span> <span class='ocrx_word' id='word_1_331' title='bbox 1021 1271 1221 1317; x_wconf 88' lang='lat' dir='ltr'><strong>eloquendi</strong></span> <span class='ocrx_word' id='word_1_332' title='bbox 1255 1271 1414 1307; x_wconf 75' lang='lat' dir='ltr'><strong>facultas</strong></span> 
     </span>
     <span class='ocr_line' id='line_1_69' title="bbox 833 1318 1136 1363; baseline 0 -9"><span class='ocrx_word' id='word_1_333' title='bbox 833 1323 892 1362; x_wconf 87' lang='lat'><strong>42,</strong></span> <span class='ocrx_word' id='word_1_334' title='bbox 911 1323 934 1354; x_wconf 88' lang='lat'><strong>4</strong></span> <span class='ocrx_word' id='word_1_335' title='bbox 959 1319 1006 1362; x_wconf 81' lang='lat' dir='ltr'><strong>cf.</strong></span> <span class='ocrx_word' id='word_1_336' title='bbox 1033 1318 1136 1363; x_wconf 90' lang='lat' dir='ltr'><strong>loqui</strong></span> 
     </span>
    </p>

    <p class='ocr_par' dir='ltr' id='par_1_23' title="bbox 809 1366 1417 1457">
     <span class='ocr_line' id='line_1_70' title="bbox 809 1366 1417 1412; baseline -0.002 -10"><span class='ocrx_word' id='word_1_337' title='bbox 809 1378 936 1402; x_wconf 88' lang='lat' dir='ltr'><strong>eman</strong></span> <span class='ocrx_word' id='word_1_338' title='bbox 946 1366 1017 1412; x_wconf 87' lang='lat' dir='ltr'><strong>cip</strong></span> <span class='ocrx_word' id='word_1_339' title='bbox 1027 1377 1101 1402; x_wconf 85' lang='lat' dir='ltr'><strong>are</strong></span> <span class='ocrx_word' id='word_1_340' title='bbox 1167 1366 1417 1403; x_wconf 73' lang='lat' dir='ltr'><strong>hereditatem</strong></span> 
     </span>
     <span class='ocr_line' id='line_1_71' title="bbox 835 1417 980 1457; baseline -0.014 -8"><span class='ocrx_word' id='word_1_341' title='bbox 835 1417 917 1457; x_wconf 89' lang='grc'>178,</span> <span class='ocrx_word' id='word_1_342' title='bbox 938 1417 980 1448; x_wconf 90' lang='grc'><strong>12</strong></span> 
     </span>
    </p>

    <p class='ocr_par' dir='ltr' id='par_1_24' title="bbox 810 1460 1418 1552">
     <span class='ocr_line' id='line_1_72' title="bbox 810 1460 1418 1497; baseline 0 -1"><span class='ocrx_word' id='word_1_343' title='bbox 810 1472 874 1496; x_wconf 89' lang='lat' dir='ltr'><strong>em</strong></span> <span class='ocrx_word' id='word_1_344' title='bbox 883 1472 934 1497; x_wconf 88' lang='lat' dir='ltr'><strong>en</strong></span> <span class='ocrx_word' id='word_1_345' title='bbox 943 1461 966 1495; x_wconf 93' lang='lat' dir='ltr'>d</span> <span class='ocrx_word' id='word_1_346' title='bbox 975 1472 1023 1496; x_wconf 83' lang='lat' dir='ltr'><strong>ar</strong></span> <span class='ocrx_word' id='word_1_347' title='bbox 1032 1472 1050 1496; x_wconf 91' lang='lat' dir='ltr'><strong>e</strong></span> <span class='ocrx_word' id='word_1_348' title='bbox 1074 1460 1333 1496; x_wconf 81' lang='lat' dir='ltr'><strong>contumaciae</strong></span> <span class='ocrx_word' id='word_1_349' title='bbox 1354 1461 1418 1496; x_wconf 86' lang='lat' dir='ltr'><strong>de-</strong></span> 
     </span>
     <span class='ocr_line' id='line_1_73' title="bbox 832 1508 1224 1552; baseline -0.003 -8"><span class='ocrx_word' id='word_1_350' title='bbox 832 1508 1051 1544; x_wconf 83' lang='lat' dir='ltr'><strong>trimentum</strong></span> <span class='ocrx_word' id='word_1_351' title='bbox 1077 1511 1159 1552; x_wconf 87' lang='lat'>216,</span> <span class='ocrx_word' id='word_1_352' title='bbox 1179 1511 1224 1543; x_wconf 87' lang='lat'><strong>20</strong></span> 
     </span>
    </p>

    <p class='ocr_par' dir='ltr' id='par_1_25' title="bbox 810 1555 1418 1695">
     <span class='ocr_line' id='line_1_74' title="bbox 810 1555 1416 1600; baseline 0 -9"><span class='ocrx_word' id='word_1_353' title='bbox 810 1568 830 1591; x_wconf 91' lang='grc'><strong>6</strong></span> <span class='ocrx_word' id='word_1_354' title='bbox 838 1568 875 1590; x_wconf 89' lang='lat' dir='ltr'><strong>m</strong></span> <span class='ocrx_word' id='word_1_355' title='bbox 885 1566 904 1591; x_wconf 92' lang='lat' dir='ltr'><strong>e</strong></span> <span class='ocrx_word' id='word_1_356' title='bbox 911 1568 937 1590; x_wconf 93' lang='lat' dir='ltr'><strong>n</strong></span> <span class='ocrx_word' id='word_1_357' title='bbox 945 1555 969 1590; x_wconf 83' lang='lat' dir='ltr'><strong>d</strong></span> <span class='ocrx_word' id='word_1_358' title='bbox 977 1555 1071 1591; x_wconf 86' lang='lat' dir='ltr'><strong>atio</strong></span> <span class='ocrx_word' id='word_1_359' title='bbox 1086 1555 1373 1600; x_wconf 82' lang='lat' dir='ltr'><strong>praeteritorum</strong></span> <span class='ocrx_word' id='word_1_360' title='bbox 1384 1559 1416 1600; x_wconf 88' lang='grc'><strong>8,</strong></span> 
     </span>
     <span class='ocr_line' id='line_1_75' title="bbox 833 1602 1418 1648; baseline 0 -10"><span class='ocrx_word' id='word_1_361' title='bbox 833 1607 880 1638; x_wconf 89' lang='grc'><strong>24</strong></span> <span class='ocrx_word' id='word_1_362' title='bbox 917 1602 1177 1638; x_wconf 86' lang='lat' dir='ltr'><strong>emendatione</strong></span> <span class='ocrx_word' id='word_1_363' title='bbox 1193 1603 1327 1648; x_wconf 86' lang='lat' dir='ltr'><strong>dignus</strong></span> <span class='ocrx_word' id='word_1_364' title='bbox 1339 1603 1418 1639; x_wconf 84' lang='lat' dir='ltr'><strong>ani-</strong></span> 
     </span>
     <span class='ocr_line' id='line_1_76' title="bbox 833 1654 1063 1695; baseline 0.004 -10"><span class='ocrx_word' id='word_1_365' title='bbox 833 1662 914 1685; x_wconf 81' lang='lat' dir='ltr'><strong>mus</strong></span> <span class='ocrx_word' id='word_1_366' title='bbox 940 1654 997 1695; x_wconf 90' lang='lat'><strong>42,</strong></span> <span class='ocrx_word' id='word_1_367' title='bbox 1020 1654 1063 1686; x_wconf 90' lang='grc'><strong>17</strong></span> 
     </span>
    </p>

    <p class='ocr_par' dir='ltr' id='par_1_26' title="bbox 810 1697 1306 1743">
     <span class='ocr_line' id='line_1_77' title="bbox 810 1697 1306 1743; baseline -0.002 -10"><span class='ocrx_word' id='word_1_368' title='bbox 810 1697 1003 1733; x_wconf 85' lang='lat' dir='ltr'><strong>emereri</strong></span> <span class='ocrx_word' id='word_1_369' title='bbox 1029 1698 1133 1743; x_wconf 76' lang='lat' dir='ltr'><strong>alqui</strong></span> <span class='ocrx_word' id='word_1_370' title='bbox 1159 1700 1239 1742; x_wconf 89' lang='lat'>251,</span> <span class='ocrx_word' id='word_1_371' title='bbox 1261 1701 1306 1732; x_wconf 89' lang='lat'><strong>23</strong></span> 
     </span>
    </p>

    <p class='ocr_par' dir='ltr' id='par_1_27' title="bbox 810 1745 1386 1791">
     <span class='ocr_line' id='line_1_78' title="bbox 810 1745 1386 1791; baseline 0 -11"><span class='ocrx_word' id='word_1_372' title='bbox 810 1756 1041 1791; x_wconf 84' lang='lat' dir='ltr'><strong>emergere</strong></span> <span class='ocrx_word' id='word_1_373' title='bbox 1066 1745 1213 1780; x_wconf 87' lang='lat' dir='ltr'><strong>tumulo</strong></span> <span class='ocrx_word' id='word_1_374' title='bbox 1238 1749 1320 1790; x_wconf 88' lang='lat'>406,</span> <span class='ocrx_word' id='word_1_375' title='bbox 1340 1748 1386 1780; x_wconf 86' lang='lat'><strong>23</strong></span> 
     </span>
    </p>

    <p class='ocr_par' dir='ltr' id='par_1_28' title="bbox 810 1793 1416 1838">
     <span class='ocr_line' id='line_1_79' title="bbox 810 1793 1416 1838; baseline 0.002 -11"><span class='ocrx_word' id='word_1_376' title='bbox 810 1803 874 1828; x_wconf 89' lang='lat' dir='ltr'><strong>em</strong></span> <span class='ocrx_word' id='word_1_377' title='bbox 883 1793 992 1828; x_wconf 88' lang='lat' dir='ltr'><strong>etiri</strong></span> <span class='ocrx_word' id='word_1_378' title='bbox 1006 1793 1159 1838; x_wconf 81' lang='lat' dir='ltr'><strong>longam</strong></span> <span class='ocrx_word' id='word_1_379' title='bbox 1170 1793 1320 1828; x_wconf 86' lang='lat' dir='ltr'><strong>noctem</strong></span> <span class='ocrx_word' id='word_1_380' title='bbox 1330 1797 1362 1837; x_wconf 88' lang='lat'><strong>9,</strong></span> <span class='ocrx_word' id='word_1_381' title='bbox 1372 1796 1416 1828; x_wconf 90' lang='lat'><strong>15</strong></span> 
     </span>
    </p>

    <p class='ocr_par' dir='ltr' id='par_1_29' title="bbox 808 1839 1417 1884">
     <span class='ocr_line' id='line_1_80' title="bbox 808 1839 1417 1884; baseline 0.002 -10"><span class='ocrx_word' id='word_1_382' title='bbox 808 1844 832 1884; x_wconf 85' lang='lat'>†</span> <span class='ocrx_word' id='word_1_383' title='bbox 851 1852 870 1875; x_wconf 89' lang='lat' dir='ltr'><strong>e</strong></span> <span class='ocrx_word' id='word_1_384' title='bbox 884 1852 920 1874; x_wconf 89' lang='lat' dir='ltr'><strong>m</strong></span> <span class='ocrx_word' id='word_1_385' title='bbox 935 1840 978 1875; x_wconf 84' lang='lat' dir='ltr'><strong>it</strong></span> <span class='ocrx_word' id='word_1_386' title='bbox 990 1842 1007 1875; x_wconf 88' lang='lat' dir='ltr'><strong>t</strong></span> <span class='ocrx_word' id='word_1_387' title='bbox 1020 1851 1040 1875; x_wconf 91' lang='lat' dir='ltr'><strong>e</strong></span> <span class='ocrx_word' id='word_1_388' title='bbox 1053 1852 1071 1874; x_wconf 88' lang='lat' dir='ltr'>r</span> <span class='ocrx_word' id='word_1_389' title='bbox 1084 1851 1104 1875; x_wconf 92' lang='lat' dir='ltr'><strong>e</strong></span> <span class='ocrx_word' id='word_1_390' title='bbox 1148 1839 1417 1876; x_wconf 81' lang='lat' dir='ltr'><strong>conscientiam</strong></span> 
     </span>
    </p>

    <p class='ocr_par' dir='ltr' id='par_1_30' title="bbox 809 1915 1350 1979">
     <span class='ocr_line' id='line_1_81' title="bbox 809 1915 1350 1979; baseline -0.004 -10"><span class='ocrx_word' id='word_1_391' title='bbox 809 1915 986 1979; x_wconf 69' lang='lat' dir='ltr'><strong>emp&#39;tor</strong></span> <span class='ocrx_word' id='word_1_392' title='bbox 1010 1933 1178 1968; x_wconf 86' lang='lat' dir='ltr'><strong>familiae</strong></span> <span class='ocrx_word' id='word_1_393' title='bbox 1205 1937 1285 1976; x_wconf 84' lang='lat'>212,</span> <span class='ocrx_word' id='word_1_394' title='bbox 1306 1937 1350 1968; x_wconf 93' lang='grc'><strong>22</strong></span> 
     </span>
    </p>

    <p class='ocr_par' dir='ltr' id='par_1_31' title="bbox 809 1982 1416 2072">
     <span class='ocr_line' id='line_1_82' title="bbox 809 1982 1416 2024; baseline -0.003 -8"><span class='ocrx_word' id='word_1_395' title='bbox 809 1992 861 2016; x_wconf 86' lang='lat' dir='ltr'><strong>en</strong></span> <span class='ocrx_word' id='word_1_396' title='bbox 887 1985 943 2023; x_wconf 91' lang='grc'><strong>66,</strong></span> <span class='ocrx_word' id='word_1_397' title='bbox 967 1984 1021 2016; x_wconf 90' lang='grc'><strong>10.</strong></span> <span class='ocrx_word' id='word_1_398' title='bbox 1042 1984 1102 2024; x_wconf 90' lang='grc'><strong>12,</strong></span> <span class='ocrx_word' id='word_1_399' title='bbox 1124 1982 1235 2023; x_wconf 71' lang='grc'><strong>44188,</strong></span> <span class='ocrx_word' id='word_1_400' title='bbox 1250 1983 1312 2024; x_wconf 87' lang='grc'><strong>21,</strong></span> <span class='ocrx_word' id='word_1_401' title='bbox 1334 1983 1416 2023; x_wconf 83' lang='grc'>402,</span> 
     </span>
     <span class='ocr_line' id='line_1_83' title="bbox 832 2031 1414 2072; baseline -0.002 -9"><span class='ocrx_word' id='word_1_402' title='bbox 832 2032 896 2070; x_wconf 90' lang='grc'><strong>21,</strong></span> <span class='ocrx_word' id='word_1_403' title='bbox 922 2031 1002 2072; x_wconf 87' lang='grc'>410,</span> <span class='ocrx_word' id='word_1_404' title='bbox 1023 2031 1086 2071; x_wconf 89' lang='grc'><strong>26,</strong></span> <span class='ocrx_word' id='word_1_405' title='bbox 1113 2031 1193 2071; x_wconf 87' lang='lat'>420,</span> <span class='ocrx_word' id='word_1_406' title='bbox 1208 2031 1270 2071; x_wconf 85' lang='grc'><strong>22,</strong></span> <span class='ocrx_word' id='word_1_407' title='bbox 1298 2032 1379 2071; x_wconf 90' lang='grc'>421,</span> <span class='ocrx_word' id='word_1_408' title='bbox 1394 2032 1414 2062; x_wconf 90' lang='grc'><strong>2</strong></span> 
     </span>
    </p>

    <p class='ocr_par' dir='ltr' id='par_1_32' title="bbox 810 2075 1417 2120">
     <span class='ocr_line' id='line_1_84' title="bbox 810 2075 1417 2120; baseline -0.002 -9"><span class='ocrx_word' id='word_1_409' title='bbox 810 2086 830 2111; x_wconf 87' lang='grc'><strong>6</strong></span> <span class='ocrx_word' id='word_1_410' title='bbox 837 2087 861 2110; x_wconf 91' lang='lat' dir='ltr'><strong>n</strong></span> <span class='ocrx_word' id='word_1_411' title='bbox 869 2088 893 2110; x_wconf 93' lang='lat' dir='ltr'><strong>u</strong></span> <span class='ocrx_word' id='word_1_412' title='bbox 900 2086 926 2109; x_wconf 90' lang='lat' dir='ltr'><strong>n</strong></span> <span class='ocrx_word' id='word_1_413' title='bbox 933 2075 970 2110; x_wconf 90' lang='lat' dir='ltr'><strong>ti</strong></span> <span class='ocrx_word' id='word_1_414' title='bbox 979 2086 1024 2110; x_wconf 87' lang='lat' dir='ltr'><strong>ar</strong></span> <span class='ocrx_word' id='word_1_415' title='bbox 1033 2086 1052 2110; x_wconf 92' lang='lat' dir='ltr'><strong>e</strong></span> <span class='ocrx_word' id='word_1_416' title='bbox 1084 2075 1240 2110; x_wconf 83' lang='lat' dir='ltr'><strong>consilia</strong></span> <span class='ocrx_word' id='word_1_417' title='bbox 1264 2075 1417 2120; x_wconf 86' lang='lat' dir='ltr'><strong>publica</strong></span> 
     </span>
    </p>

    <p class='ocr_par' dir='ltr' id='par_1_33' title="bbox 809 2169 1416 2308">
     <span class='ocr_line' id='line_1_85' title="bbox 809 2169 1414 2215; baseline 0.003 -11"><span class='ocrx_word' id='word_1_418' title='bbox 809 2170 1073 2205; x_wconf 87' lang='lat' dir='ltr'><strong>enuntiatio</strong></span> <span class='ocrx_word' id='word_1_419' title='bbox 1097 2171 1193 2214; x_wconf 80' lang='lat' dir='ltr'><strong>(opp.</strong></span> <span class='ocrx_word' id='word_1_420' title='bbox 1214 2169 1414 2215; x_wconf 79' lang='lat' dir='ltr'><strong>confessio)</strong></span> 
     </span>
     <span class='ocr_line' id='line_1_86' title="bbox 832 2216 1416 2257; baseline 0 -5"><span class='ocrx_word' id='word_1_421' title='bbox 832 2217 1067 2253; x_wconf 82' lang='lat' dir='ltr'><strong>voluntatem</strong></span> <span class='ocrx_word' id='word_1_422' title='bbox 1109 2216 1225 2257; x_wconf 81' lang='lat' dir='ltr'><strong>habet</strong></span> <span class='ocrx_word' id='word_1_423' title='bbox 1263 2218 1301 2252; x_wconf 90' lang='lat' dir='ltr'><strong>et</strong></span> <span class='ocrx_word' id='word_1_424' title='bbox 1338 2216 1416 2252; x_wconf 88' lang='lat' dir='ltr'><strong>ani-</strong></span> 
     </span>
     <span class='ocr_line' id='line_1_87' title="bbox 832 2265 1416 2308; baseline 0.002 -9"><span class='ocrx_word' id='word_1_425' title='bbox 832 2276 934 2300; x_wconf 87' lang='lat' dir='ltr'><strong>mum</strong></span> <span class='ocrx_word' id='word_1_426' title='bbox 965 2276 1040 2300; x_wconf 88' lang='lat' dir='ltr'><strong>non</strong></span> <span class='ocrx_word' id='word_1_427' title='bbox 1069 2265 1242 2299; x_wconf 83' lang='lat' dir='ltr'><strong>coactum</strong></span> <span class='ocrx_word' id='word_1_428' title='bbox 1269 2268 1349 2308; x_wconf 85' lang='lat'>114,</span> <span class='ocrx_word' id='word_1_429' title='bbox 1369 2268 1416 2300; x_wconf 89' lang='lat'><strong>25</strong></span> 
     </span>
    </p>

    <p class='ocr_par' dir='ltr' id='par_1_34' title="bbox 809 2311 1336 2358">
     <span class='ocr_line' id='line_1_88' title="bbox 809 2311 1336 2358; baseline -0.002 -10"><span class='ocrx_word' id='word_1_430' title='bbox 809 2312 1021 2358; x_wconf 87' lang='lat' dir='ltr'><strong>epilogus</strong></span> <span class='ocrx_word' id='word_1_431' title='bbox 1047 2311 1083 2347; x_wconf 91' lang='lat' dir='ltr'><strong>d.</strong></span> <span class='ocrx_word' id='word_1_432' title='bbox 1110 2315 1179 2346; x_wconf 90' lang='lat'>338</span> <span class='ocrx_word' id='word_1_433' title='bbox 1207 2312 1336 2347; x_wconf 88' lang='lat' dir='ltr'><strong>Sermo</strong></span> 
     </span>
    </p>
   </div>
  </div>
 </body>
</html>
