1604 2488
488 131 551 167 DE
557 129 916 168 CLAMATIONES.
943 128 1132 166 CCLXVI.
1398 127 1455 171 85

168 241 322 296 exerit,
361 240 461 296 quia
506 243 635 296 putat
670 240 813 283 licere.
872 239 955 283 Est
992 239 1084 281 sine
1122 237 1253 280 dubio
1293 240 1336 280 et
1372 237 1456 281 hoc

166 300 311 356 ipsum
343 299 524 356 dignum
557 299 668 355 odio,
697 299 900 356 persequi
930 298 1152 342 hominem
1180 297 1368 340 fortasse
1391 297 1455 339 in—

164 354 352 414 felicem,
389 359 677 402 verecundum
714 361 848 414 certe,
885 360 913 412 †
933 357 1048 414 quod
1085 357 1306 400 confessus
1339 356 1398 398 sit
1415 357 1457 410 †.

169 433 271 462 sane
316 421 536 461 mereatur
586 419 661 462 ille
704 433 891 474 poenam
934 417 1205 460 ulteriorem:
1255 416 1456 458 manibus

163 479 250 521 tuis
270 493 412 534 parce,
436 492 565 534 parce
586 478 732 521 animo
752 482 848 534 tu03
874 482 950 521 aut
968 480 1083 520 certe
1102 476 1300 531 relinque
1310 475 1454 530 <non>

165 537 293 580 istius
330 538 623 594 impudentiae
660 538 814 581 locum.
875 538 1089 592 respicere
1127 536 1181 578 ad
1211 536 1326 578 ictus
1355 538 1456 578 tuos

167 597 351 653 coegisti
382 600 531 652 patres
562 597 761 652 fortasse,
793 596 869 653 qui
899 599 1003 640 vota
1029 595 1268 639 faciebant:
1298 595 1456 637 tumul—

165 658 293 700 tuosa
335 657 412 700 lite
457 657 602 712 aliqua
638 657 785 700 nescio
838 671 893 699 an
937 656 1068 698 etiam
1111 655 1290 711 publica
1333 667 1457 696 sacra

167 716 367 759 turbasti.
430 715 646 772 quomodo
688 717 804 759 enim
836 715 1040 759 cecidisse
1071 718 1116 758 te
1148 715 1458 769 existimemus,

165 775 239 831 qui
268 775 459 818 faciebas
491 775 574 818 hoc
604 779 827 830 tamquam
859 774 1038 819 liceret?

683 951 931 996 GCLXVI.

445 1035 523 1079 Ex
554 1034 804 1090 proditore
835 1034 979 1078 exule
1010 1034 1175 1079 fortis-

165 1130 247 1174 Bls
278 1143 343 1174 DE
375 1143 538 1174 EADEM
569 1143 630 1174 RE
662 1143 819 1174 AGERE
852 1143 914 1174 NE
946 1143 1133 1174 monn.
1187 1129 1239 1172 In
1272 1130 1457 1186 quadam

285 1191 462 1234 civitate
513 1191 775 1247 proditionis
823 1191 1053 1234 damnatus
1097 1190 1257 1233 missus
1302 1194 1370 1233 est
1412 1191 1455 1232 in

280 1250 474 1293 exilium.
536 1250 653 1293 bello
686 1251 836 1293 eadem
871 1251 1048 1293 civitate
1080 1250 1308 1293 laborante
1335 1264 1455 1292 revo-

286 1309 372 1352 cati
404 1313 507 1352 sunt
538 1310 694 1352 exules.
745 1310 795 1365 is,
827 1310 901 1365 qui
931 1310 1194 1365 proditionis
1227 1309 1456 1351 damnatus

286 1368 441 1424 fuerat,
475 1369 650 1411 fortiter
679 1369 794 1411 fecit.
855 1369 979 1423 petit,
1011 1372 1060 1411 ut
1091 1370 1249 1411 iterum
1282 1383 1456 1411 causam

288 1442 410 1470 suam
443 1431 557 1484 agat.
603 1431 826 1470 accusator
858 1428 1127 1483 praescribit,
1160 1428 1272 1483 quod
1304 1428 1372 1470 bis
1405 1427 1456 1469 de

291 1486 438 1529 eadem
470 1502 517 1529 re
550 1500 681 1543 agere
713 1501 802 1530 non
832 1487 973 1530 liceat.

696 1627 927 1671 SERMO.

252 1721 388 1764 Initia
419 1722 665 1765 communia
696 1722 829 1765 habet
860 1723 1172 1765 controversia:
1214 1723 1454 1778 praemium

165 1784 266 1837 peto
297 1781 393 1837 lege
426 1796 676 1825 concessum
709 1782 801 1824 sine
831 1783 1094 1837 exceptione.
1143 1785 1383 1838 sequuntur
1414 1785 1458 1825 et

165 1840 260 1892 illa,
304 1841 556 1896 utjustum
595 1856 766 1898 quoque
806 1842 881 1897 sit,
918 1842 1059 1883 virum
1099 1841 1259 1884 fortem
1292 1844 1456 1898 optare,

166 1899 279 1954 quod
322 1899 442 1943 velit.
504 1901 689 1943 secunda
725 1900 804 1943 illa
842 1901 1040 1956 quaestio
1079 1904 1163 1956 est,
1208 1916 1263 1943 an
1304 1904 1456 1944 contra

162 1958 303 2014 legem
341 1962 492 2015 optare
531 1959 690 2002 liceat?
739 1960 786 2001 in
825 1975 909 2015 qua
938 1960 1046 2002 illud
1078 1959 1218 2002 dicere
1251 1960 1454 2016 solemus,

162 2017 332 2060 nullum
362 2019 605 2073 praemium
636 2033 764 2074 posse
800 2019 1003 2075 inveniri,
1040 2019 1154 2075 quod
1186 2033 1274 2062 non
1305 2022 1455 2063 contra

1183 2082 1196 2096 l

261 2139 364 2170 1-3
410 2134 544 2172 Nescio
578 2147 629 2171 an
666 2134 851 2172 *fortasse
887 2136 1157 2181 verecundum,
1194 2136 1384 2173 infelicem
1422 2148 1453 2172 c.

163 2185 288 2226 postea
319 2183 473 2226 fortasse
504 2183 603 2227 quod
634 2182 844 2218 confessum
877 2183 927 2219 sit
956 2184 1011 2219 vel
1037 2185 1148 2219 certe.
1175 2185 1213 2219 et
1238 2195 1454 2220 concessum

165 2227 214 2263 sit
238 2239 342 2265 sane:
367 2231 555 2265 mereatur
592 2231 603 2275 ΙΙ
644 2235 661 2265 1
689 2232 728 2265 et
752 2229 832 2265 sine
853 2230 886 2266 d.
913 2233 940 2264 B
973 2233 984 2276 ΙΙ
1017 2235 1037 2266 5
1062 2242 1172 2276 parce
1199 2232 1363 2276 (alt.)om.
1390 2234 1416 2265 B
1443 2234 1452 2277 ἔξ

164 2276 262 2311 certe
287 2276 302 2311 1
326 2277 494 2321 relinque
519 2280 550 2311 A
582 2279 593 2322 Η
623 2276 754 2325 (non)
778 2277 836 2313 Ro
867 2279 879 2322 ΙΙ
915 2282 935 2313 5
962 2278 1132 2316 addictos
1159 2282 1212 2312 Aa.
1242 2281 1254 2324 ΙΙ
1295 2283 1337 2314 19
1363 2279 1454 2314 licet

163 2324 194 2355 Δ
212 2322 224 2367 [Ι
243 2326 287 2357 22
314 2334 415 2360 conc.
442 2325 500 2359 est
525 2324 603 2359 sine
628 2327 687 2357 Bc

1484 784 1527 816 10

1482 1258 1526 1291 15

1480 1640 1525 1671 20

1480 1972 1526 2003 25
