1560 2462
629 56 920 130 PRAEFATIO.
1297 90 1423 128 XXIII

277 193 524 234 Praesertim
562 195 663 234 illud
701 194 909 234 offensioni
947 196 1026 242 est,
1065 192 1172 244 quod
1210 204 1299 231 cum
1337 192 1423 242 ple-

276 273 444 311 rumque
475 261 668 300 Pithoeus
699 259 828 300 literis
866 261 946 298 vet.
982 258 1066 297 cod.
1092 257 1158 297 vel
1189 258 1268 295 vet.
1291 269 1422 294 exem-

276 326 366 376 plar
396 326 497 365 velit
526 325 710 376 intellegi
742 337 860 364 suum
892 323 1113 373 exemplar,
1145 322 1285 361 eodem
1317 335 1421 362 com-

275 391 422 441 pendio
471 391 695 441 promiscue
743 390 947 430 interdum
993 387 1117 427 etiam
1160 379 1420 427 Parmensem

274 457 391 495 notat
417 457 492 507 vel,
525 457 616 506 plus
643 455 778 505 semel,
808 455 941 495 nescio
968 467 1086 504 quem
1110 453 1234 491 alium
1260 453 1420 492 librum.

365 521 555 571 Repetita
586 521 707 560 editio
739 523 801 560 est
830 519 1112 559 multifariam:
1149 518 1341 569 primum,
1374 521 1421 558 ut

273 586 452 635 videtur,

276 654 392 692 1594
425 652 806 701 Heidelbergae,
839 651 947 701 apud
978 650 1246 699 Comelinum,
1279 650 1419 689 eadem

275 718 405 757 forma
425 720 465 757 et
484 718 634 757 eisdem
652 718 760 768 typis
775 717 977 767 adhibitis,
997 719 1085 755 tum
1104 716 1153 755 in
1171 715 1419 755 Geneven-

273 783 416 822 sibus
461 782 769 822 editionibus
807 795 974 832 operum
1013 781 1267 828 Quintiliani:
1312 781 1421 831 apud

273 848 371 887 Jac.
411 847 552 886 Stoer
596 848 710 886 annis
754 849 878 887 1604.
932 848 1059 887 1618.
1111 848 1238 886 1625.
1286 847 1419 891 16373

272 913 381 963 apud
423 911 522 951 Pet.
562 911 748 952 Chouet
793 914 904 952 1641
952 915 993 951 et
1034 913 1160 951 1651.
1233 911 1419 951 Parisina

267 978 407 1029 aliqua
445 978 566 1017 editio
599 978 695 1017 anni
729 979 842 1017 1608
886 978 959 1017 sub
1002 977 1142 1016 eodem
1179 977 1300 1016 titulo
1339 990 1418 1027 quo

275 1043 508 1083 Stoerianae
539 1043 708 1094 vulgata
734 1043 947 1082 cohaerere
979 1056 1069 1082 cum
1101 1043 1158 1081 eis
1190 1043 1351 1082 videtur
1377 1045 1419 1081 et

272 1108 367 1148 anni
402 1110 514 1148 1618
555 1109 636 1148 alia
674 1109 916 1158 exemplaria
954 1108 1171 1147 secundum
1210 1108 1415 1158 catalogos

271 1174 516 1225 Schweigeri
549 1169 793 1227 (Handbuch
831 1173 903 1213 der
939 1173 1062 1214 klass.
1099 1173 1415 1225 Bibliographie,

268 1239 400 1290 Leipz.
411 1234 547 1291 1834)
562 1239 744 1278 officinae
759 1238 864 1279 Sam.
874 1239 1229 1290 Crespinisignum
1243 1239 1414 1289 habent,

270 1317 359 1344 cum
381 1304 641 1344 Chouetianis
666 1317 806 1355 parem
830 1305 995 1343 titulum
1021 1305 1170 1343 habere
1196 1305 1416 1355 eademque

270 1370 474 1410 continere
489 1365 614 1422 (apud
623 1364 940 1423 Schweigerum)
956 1370 1161 1408 dicuntur:
1177 1369 1415 1409 Franeofur-

271 1438 408 1474 tenses
439 1435 558 1483 duae,
592 1436 722 1474 altera
753 1447 856 1474 anno
891 1436 1004 1474 1629
1038 1435 1145 1483 apud
1176 1434 1226 1473 H.
1253 1434 1414 1484 Robyn-

270 1512 413 1539 sonum
445 1501 487 1538 et
518 1498 593 1539 Gu.
625 1500 844 1549 Fitzerum,
877 1500 1007 1539 altera
1033 1512 1136 1538 anno
1166 1501 1279 1539 1657
1307 1500 1415 1550 apud

268 1564 392 1604 Wilh.
424 1564 624 1604 Serlinum
666 1568 707 1604 et
737 1565 1024 1604 Londinienses
1063 1564 1176 1603 aunis
1219 1566 1330 1604 1641
1373 1568 1415 1604 et

272 1631 385 1670 1662
419 1630 526 1680 apud
555 1631 603 1670 R.
633 1630 917 1669 Withakerum
947 1631 1178 1681 impressae.

265 1694 541 1745 Repetitiones
566 1696 697 1746 magis
718 1695 928 1746 magisque
948 1695 1207 1734 discedebant
1232 1708 1257 1735 a
1282 1696 1411 1745 primo

267 1761 448 1811 exemplo
483 1764 524 1800 et
554 1761 786 1814 deteriores,
818 1762 879 1800 uti
910 1761 1092 1811 queritur
1123 1759 1412 1812 Gronovius,

266 1826 427 1866 fiebant.
477 1825 555 1871 Qui
578 1839 724 1866 novam
756 1827 971 1866 editionem
1002 1826 1222 1877 recensuit,
1255 1839 1356 1877 quae

119 1892 256 1931 1665
289 1904 338 1930 ex
369 1891 527 1930 officina
557 1891 783 1942 Hackiana,
814 1892 943 1942 Lugd.
969 1891 1058 1931 Bat.
1089 1894 1129 1930 et
1150 1891 1337 1931 Roterod.
1369 1893 1414 1931 in

187 1974 200 1986 ι
266 1951 312 1995 8⁰
348 1955 499 2006 prodiit
535 1960 696 2008 quarta3
742 1957 957 2008 diligenter
995 1970 1093 1996 usus
1133 1957 1336 2006 prioribus
1370 1960 1412 1997 et

262 2033 389 2060 novas
421 2021 670 2061 coniecturas
702 2022 852 2061 multas
884 2025 925 2062 et
955 2022 1080 2061 bonas
1113 2035 1354 2072 proponens.

115 2087 232 2126 1698
263 2086 620 2135 Argentorate-ansis
671 2087 756 2126 Ulr.
798 2086 1094 2138 Obrechti,
1148 2088 1258 2138 typis
1309 2088 1410 2126 Dul-

265 2151 418 2190 seckeri
460 2151 672 2202 impressa,
725 2156 766 2191 et
808 2153 896 2202 ipsa
941 2154 1004 2192 est
1050 2153 1185 2192 meriti
1228 2153 1409 2192 alicuius.

265 2215 413 2256 Secuta

117 2283 233 2321 1720
264 2281 548 2333 Lugdunensis
569 2283 852 2332 Burmanni,
873 2296 1017 2323 excusa
1037 2283 1144 2334 apud
1163 2283 1201 2322 J.
1217 2283 1264 2322 de
1278 2283 1408 2322 Vivie.
