1586 2476
464 110 887 149 DECLAMATIONES.
915 110 1104 148 CCLXIII.
1371 110 1395 152 7
1402 110 1426 152 7

136 237 267 279 quam
296 236 455 266 novam
488 221 800 277 constituisset,
834 221 1151 277 †rogationem
1184 220 1428 276 appellaret

135 282 188 325 de
224 281 294 325 his
331 281 635 325 tantummodo
681 281 815 324 latam
868 281 942 336 qui
980 282 1104 323 erant
1148 280 1429 336 ignominiosi

135 341 228 384 illis
259 341 428 384 remisit
458 341 590 383 istam
620 340 804 383 veniam.
841 340 1028 383 fortasse
1054 339 1126 382 isti
1153 339 1428 395 placebunt‚†

137 401 176 444 si
211 400 360 456 plures
392 400 625 443 inciderint
661 400 706 443 in
738 399 918 442 eandem
950 401 1130 455 sortem,
1168 400 1215 442 in
1247 399 1427 441 eandem

138 459 450 503 condicionem.

579 516 722 553 PARS
749 516 815 551 AL
827 515 856 550 T
868 516 896 550 Ε
907 516 938 551 R
947 516 989 550 A.

494 582 497 585 ⁵
557 588 1011 633 DEGLAMATIO.

226 660 348 703 Idem
385 663 559 716 tempus
598 663 666 703 est
704 660 971 717 ignominiae
1001 675 1123 703 meae
1154 663 1198 703 et
1230 663 1428 716 receptae

138 721 394 777 rogationis.
456 735 558 763 nam
588 723 747 763 natura
776 721 896 776 prius
930 723 1014 775 est,
1054 723 1103 762 ut
1135 733 1215 776 ego
1246 735 1336 764 non
1367 724 1427 762 te-

138 794 279 835 neam,
310 795 440 835 quam
472 784 521 822 ut
552 783 727 835 recepta
757 779 826 822 lex
859 779 928 821 sit.
966 795 1068 822 nam
1096 780 1132 821 si
1159 793 1239 836 ego
1265 779 1428 822 tenuis-

139 853 250 895 sem,
294 839 363 882 lex
406 842 580 895 recepta
625 853 713 882 non
753 842 884 893 esset3
927 839 1133 894 quoniam
1169 853 1259 882 non
1294 839 1429 893 tenui,

138 901 314 954 recepta
350 899 419 941 lex
459 902 537 942 est.
604 899 740 955 igitur
776 898 1020 955 ignominia
1056 913 1154 941 mea
1191 898 1429 954 praecessit

138 960 310 1014 tempus
350 958 607 1014 rogationis.
674 957 796 1012 prius
834 958 948 1014 apud
986 958 1155 1000 animos
1191 973 1292 1001 suos
1330 972 1429 1000 con-

137 1017 377 1060 stituerunt
402 1017 614 1072 homines,
644 1031 732 1059 non
757 1031 910 1072 parere
938 1016 1269 1060 contradictioni
1294 1031 1429 1072 meae,

138 1091 270 1132 quam
321 1077 595 1132 rogationem
638 1078 906 1131 receperunt.
983 1079 1218 1132 antequam
1264 1077 1428 1119 tabella

138 1135 389 1191 referretur,
426 1138 659 1192 antequam
704 1138 977 1178 excuteretur
1023 1151 1228 1178 numerus
1265 1136 1430 1192 populi,

140 1208 221 1251 ego
258 1195 346 1238 iam
383 1210 471 1238 non
502 1198 740 1238 tenueram.
802 1196 975 1251 rogatio
1012 1195 1203 1238 nondum
1242 1199 1337 1238 erat
1368 1210 1431 1238 re-

138 1256 284 1310 cepta,
323 1255 410 1298 nisi
459 1257 744 1310 posteaquam
792 1254 1089 1297 dinumeratae
1134 1258 1234 1297 sunt
1278 1255 1429 1310 populi

140 1314 393 1357 sententiae.
434 1316 462 1368 -1-
482 1314 565 1357 hoc
597 1327 700 1369 ergo
733 1314 885 1356 tenuit.
906 1316 933 1367 -1·
978 1316 1107 1370 atque
1141 1314 1313 1357 etiamsi
1345 1314 1426 1357 hoc

138 1374 310 1428 tempus
366 1373 475 1416 mihi
524 1388 612 1416 non
656 1374 901 1416 remitteret
943 1376 1084 1416 totam
1127 1373 1429 1429 ignominiam,

139 1431 211 1474 lex
253 1434 419 1487 tamen,
463 1447 572 1488 quae
609 1432 923 1488 ignominiosos
962 1447 1115 1475 vacare
1160 1433 1280 1475 omni
1323 1435 1429 1475 nota

139 1491 351 1546 voluerat,
381 1492 609 1534 remiserat
639 1491 748 1534 mihi
780 1491 886 1534 duas
919 1492 1018 1534 illas
1050 1492 1429 1539 contradictiones.

135 1565 229 1593 non
261 1551 375 1594 enim
406 1551 512 1594 facit
543 1551 832 1607 ignominiam
862 1552 995 1594 tertia
1019 1551 1322 1607 contradictio,
1355 1551 1429 1594 sed

139 1612 241 1653 tres.
303 1610 418 1666 quod
450 1611 487 1652 si
528 1610 638 1653 duae
675 1610 776 1653 illae
814 1614 1159 1666 praecesserant,
1197 1626 1307 1667 quae
1339 1626 1428 1654 ma-

236 1694 258 1727 3
284 1690 460 1727 remisitis
484 1693 615 1727 tamen
639 1691 789 1727 veniam
814 1692 931 1727 literis
954 1692 1004 1727 tis
1028 1693 1070 1727 in
1096 1703 1169 1728 ras.
1194 1693 1343 1738 scriptis
1368 1696 1398 1727 A
1416 1697 1428 1737 1ῑ

141 1741 235 1774 1-4
260 1749 381 1775 censeo
404 1739 460 1774 ita
485 1740 702 1786 corrigenda
727 1739 811 1784 *qu.
838 1751 874 1774 n.
893 1739 1050 1775 constit.
1078 1739 1174 1786 [rog.
1196 1740 1354 1787 appell]
1381 1741 1427 1776 de

138 1786 176 1822 h.
202 1787 230 1822 t.
255 1786 390 1830 latam,
425 1798 459 1832 q.
487 1798 517 1822 e.
549 1786 799 1833 ignominiosi.
850 1786 928 1822 illis
953 1798 1043 1822 rem.
1078 1787 1137 1824 ist.
1165 1799 1325 1833 poenam
1361 1789 1429 1832 (vel

140 1832 420 1870 constituerunt
448 1834 623 1879 veniam).
671 1834 832 1870 fortasse
863 1833 1001 1870 iterum
1032 1835 1200 1880 placebit
1234 1836 1302 1881 (vel
1328 1835 1428 1871 idem

140 1881 334 1927 placebit),
359 1881 392 1917 si
416 1885 492 1924 etc„
517 1893 605 1918 nam
629 1883 697 1917 illa
716 1882 951 1927 rogationem
972 1882 1182 1928 appellaret
1200 1884 1243 1918 in
1261 1885 1430 1930 marqine

140 1929 246 1964 credo
269 1929 320 1964 ad
337 1929 446 1964 verba
465 1929 700 1974 rogationem
726 1929 963 1975 abrogasset,
988 1941 1082 1975 quae
1106 1941 1223 1975 supra
1248 1931 1336 1977 leyo,
1363 1933 1427 1967 ad-

140 1976 280 2021 scripta
303 1976 418 2019 fuisse
442 1980 475 2012 et
499 1977 585 2012 inde
610 1977 699 2012 vitio
724 1977 927 2021 inrepsisse.
978 1988 1070 2022 quae
1106 1979 1172 2023 qui
1203 1979 1426 2023 persuadere

140 2023 214 2059 sibi
225 2034 302 2058 mm
306 2024 446 2069 poterit
459 2024 572 2069 leyat:
586 2023 857 2059 constituisset:
871 2024 1107 2069 rogationem
1121 2027 1346 2071 acceperunt
1353 2030 1429 2070 etc.5

146 2069 420 2107 constituisset:
446 2070 598 2119 (nunc)
612 2082 690 2117 rog.
709 2070 918 2116 appellarat
931 2071 1001 2115 Ro,
1028 2083 1106 2117 rog.
1124 2073 1347 2118 approbavit
1362 2074 1430 2116 Gr,

141 2116 267 2166 (nec)
290 2129 369 2164 rog.
396 2118 635 2164 appellarent
659 2118 730 2154 Sch
752 2120 757 2163 1
779 2118 853 2154 illis
879 2118 1026 2155 remisit
1050 2120 1298 2165 ignominiam
1323 2122 1399 2157 Aer
1419 2122 1429 2164 ³1

142 2169 164 2200 9
189 2166 323 2201 natora
336 2168 366 2200 A
384 2167 396 2211 11
416 2177 490 2202 non
509 2167 536 2201 t.
552 2178 586 2211 q.
600 2178 635 2203 u.
652 2178 679 2201 r.
695 2166 718 2201 1.
735 2177 762 2202 s,
777 2178 812 2200 n.
827 2178 854 2202 s.
869 2177 899 2202 e.
914 2167 940 2202 t.
955 2167 979 2202 l.
994 2179 1023 2202 r.
1038 2180 1073 2202 n.
1089 2177 1119 2203 e.
1135 2179 1170 2212 q.
1184 2181 1219 2204 n.
1235 2169 1260 2205 t.
1276 2182 1303 2204 r.
1320 2169 1343 2204 l.
1359 2181 1388 2204 e.
1405 2170 1427 2204 i.

141 2213 168 2248 i.
181 2223 266 2248 mea
291 2223 356 2249 om.
372 2216 426 2248 Aa
444 2215 456 2258 11
478 2218 520 2249 12
546 2213 664 2260 igitur
690 2212 840 2266 nomina
864 2216 891 2248 B
911 2215 922 2259 11
944 2218 987 2250 13
1014 2215 1279 2251 constituerint
1304 2219 1334 2250 Δ
1353 2219 1364 2262 11
1387 2221 1428 2251 19

147 2260 198 2295 ad
222 2271 318 2305 quae
342 2263 370 2294 B
407 2262 419 2307 11
456 2265 499 2296 21
528 2273 588 2306 qu.
615 2260 873 2307 ignominiosis
901 2262 1000 2298 demi
1026 2264 1156 2298 notam
1182 2263 1256 2300 vol.
1283 2267 1318 2297 B·
1341 2266 1352 2309 11
1385 2267 1429 2299 23

142 2306 233 2343 feeit
255 2310 283 2341 B
302 2309 314 2352 11
333 2312 378 2343 24
405 2319 497 2344 ovae
520 2312 573 2342 Aa.

1457 791 1499 823 10

1458 1088 1500 1120 15

1455 1385 1500 1417 20
