1604 2488
369 127 798 166 DECLAMAT-IONES.
825 125 1029 163 CCLXXII.
1262 123 1349 165 115

60 243 386 296 interrogavero
422 253 512 294 vos,
542 237 716 292 iudices,
748 250 803 279 an
829 235 978 278 eadem
1005 235 1082 289 ira,
1115 234 1349 288 eademque

59 315 200 357 poena
235 300 389 355 dignos
428 298 589 353 putetis
628 311 719 348 eos,
758 310 865 351 quos
902 294 1099 349 fortuna,
1132 308 1239 349 quos
1271 293 1352 347 vis,

60 375 167 417 quos
205 359 328 402 dolor
359 358 549 413 coegerit
586 356 779 399 confiteri
812 354 994 410 aliquid:
1035 357 1079 396 et
1111 368 1204 408 eos,
1243 366 1350 407 quos

60 420 204 463 odium
241 418 305 460 rei
343 417 560 472 publicae,
598 430 696 471 spes
737 414 939 471 praedae,
977 428 1099 455 amor
1130 412 1270 455 hostis
1303 412 1350 453 in

60 479 174 522 hane
205 478 345 535 egerit
375 474 693 532 proditionem?
725 474 839 530 quod
871 474 909 516 si
933 473 1055 515 nullo
1082 472 1210 515 modo
1238 471 1351 527 apud

61 551 322 594 quemquam
366 537 587 579 bonorum·-
621 535 813 578 virorum
849 535 995 589 potest
1028 532 1164 575 videri
1210 531 1353 573 simile¹

60 599 147 641 iam
179 601 223 640 et
251 595 613 653 quemadmodum
637 594 683 636 in
708 594 857 636 hostes
883 592 1085 636 inciderit
1104 589 1350 634 videbimus

61 661 106 700 et
123 659 287 713 quanta
311 655 568 698 necessitate
595 654 792 697 confessa
818 653 888 695 sit.
920 651 984 694 Ac
1011 652 1119 694 satis
1148 653 1241 693 erat
1264 650 1351 705 pri·

67 731 189 760 mum
225 715 334 758 illud
366 715 523 757 dicere:
561 728 670 770 quae
708 713 849 755 filium
888 712 933 754 in
974 711 1188 766 proelium
1219 709 1351 764 misit3

61 777 182 819 cuius
209 778 362 831 partus
389 777 433 816 et
453 773 628 828 sanguis
649 773 694 814 in
719 772 887 828 proelio
917 771 1056 826 stetit3
1085 770 1204 813 cuius
1225 769 1350 823 filius,

62 835 163 878 dum
176 834 287 877 nihil
300 834 444 877 carius
457 833 590 875 habet
609 832 766 888 patria,
786 831 888 873 dum
908 830 1165 886 propulsare
1179 829 1351 871 hostem

61 895 130 937 vel
161 897 301 937 morte
333 908 412 936 sua
449 893 517 935 vel
556 892 784 946 sanguine,
815 891 884 933 vel
916 893 1138 945 postremo
1172 901 1352 943 corpore

62 955 158 1010 ipso
190 953 351 996 morari
383 952 539 1003 studet„
571 951 772 1006 spiritum
798 964 876 1004 pro
903 949 1028 991 nobis
1050 949 1096 990 in
1116 948 1352 991 certamine

61 1013 226 1067 amisit,
262 1012 326 1055 ita
362 1011 557 1067 profecto
595 1010 841 1064 institutus,
877 1009 941 1051 ita
979 1024 1004 1050 a
1036 1011 1174 1050 matre
1206 1006 1352 1049 dimis-

63 1087 154 1115 sus:
197 1072 309 1115 hanc
349 1070 542 1114 accusari
586 1084 772 1125 aequum
810 1070 894 1124 est,
938 1067 1118 1122 cui<us>
1157 1066 1353 1108 misereri

65 1132 172 1175 satis
204 1146 292 1174 non
323 1132 583 1186 possumus?
616 1128 757 1171 Nocte
789 1141 966 1184 egressa
998 1130 1076 1169 est.
1116 1127 1213 1182 quis
1238 1126 1354 1167 hunc

63 1192 110 1234 in
134 1193 275 1234 matre
297 1191 430 1246 [quis]
451 1190 634 1232 miratur
659 1188 888 1243 adfectum,
914 1191 1138 1242 tamquam
1163 1184 1352 1228 novum?

65 1263 146 1306 ego
184 1264 286 1293 vero
323 1250 452 1305 plura
489 1248 746 1301 confitebor,
783 1250 827 1289 et
866 1261 976 1302 quae
1007 1246 1192 1288 forsitan
1223 1245 1355 1299 plane

65 1309 351 1352 admiratione
397 1309 488 1351 eius
533 1308 666 1364 digna
707 1307 807 1349 sint.
867 1308 1042 1349 noctem
1079 1305 1199 1347 illam
1237 1307 1354 1346 tene-

65 1369 252 1424 brasque
288 1382 379 1411 non
415 1368 584 1422 timuit,
627 1366 848 1408 horridam
880 1365 1016 1421 ipsius
1048 1364 1152 1417 loci,
1191 1364 1238 1405 in
1270 1376 1354 1417 quo

69 1429 312 1483 pugnatum
338 1429 442 1481 erat,
467 1426 702 1481 imaginem
723 1425 838 1467 tulit.
870 1424 977 1466 haec
996 1437 1074 1478 per
1100 1422 1355 1478 sanguinem

68 1487 307 1530 humanum
339 1487 384 1528 et
414 1500 492 1541 per
521 1485 660 1527 fracta
690 1484 779 1526 tela
813 1486 857 1526 et
888 1498 964 1538 per
995 1483 1134 1524 mixta
1165 1482 1356 1524 virorum

72 1559 363 1601 equorumque
389 1559 572 1600 corpora
597 1543 811 1599 quaesivit
837 1543 973 1585 filium
1001 1557 1144 1584 suum:
1171 1544 1215 1583 et
1238 1555 1292 1582 ne
1312 1540 1356 1581 in

66 1608 208 1648 totum
241 1605 363 1648 nulla
395 1619 471 1646 sua
503 1604 630 1658 culpa
660 1602 863 1645 incidisse
895 1603 941 1644 in
972 1602 1121 1644 hostes
1148 1600 1357 1653 videatur,

69 1665 241 1720 planxit
272 1666 315 1706 et
347 1663 447 1706 deos
480 1663 709 1705 invocavit.
755 1661 981 1704 Neminem
1014 1663 1118 1716 puto
1145 1660 1356 1702 hactenus

63 1723 194 1766 irasci
231 1723 571 1766 calamitatibus:
617 1723 760 1764 cetera
790 1721 878 1763 iam
909 1720 1117 1776 imputari
1149 1719 1236 1775 ipsi
1266 1733 1354 1761 non

65 1786 261 1838 possunt.
291 1782 493 1825 hostibus
520 1781 717 1825 confessa
737 1783 869 1822 est—
884 1780 1076 1823 nondum
1098 1779 1194 1822 dico
1214 1781 1354 1821 torta:

61 1842 168 1885 illud
195 1842 302 1884 satis
329 1845 396 1884 est
422 1841 575 1895 dicere,
605 1840 779 1882 femina.
829 1840 865 1882 si
891 1854 960 1882 me
986 1839 1162 1881 hercule
1187 1838 1354 1893 primae

63 1903 234 1944 tantum
277 1901 420 1944 minae
458 1915 507 1943 ac
543 1901 675 1942 timor
719 1900 792 1941 ille
832 1898 1062 1953 exercitus,
1107 1898 1181 1953 qui
1225 1897 1353 1939 modo

1378 778 1420 810 10

1381 1076 1423 1107 15

1382 1373 1426 1404 20

1382 1669 1427 1701 25

62 1960 248 2003 feliciter
286 1963 576 2016 pugnaverat,
620 1958 885 2001 confudisset
922 1958 1148 2012 feminam,
1187 1957 1350 2012 orbam,
1376 1966 1423 1997 30

64 2023 310 2075 stupentem
342 2020 483 2073 malis,
515 2021 608 2061 erat
639 2021 788 2060 tamen
819 2031 888 2059 res
919 2017 1050 2072 digna
1076 2016 1224 2059 venia:
1256 2029 1353 2059 con·

163 2140 255 2172 6—'1
282 2137 438 2181 possunt
461 2135 556 2170 haec
581 2133 702 2169 videri
727 2133 879 2177 similia,
906 2135 945 2169 et
970 2145 1030 2178 qu.
1058 2133 1112 2169 Gr
1131 2133 1143 2178 ΙΙ
1165 2137 1207 2168 13
1234 2132 1352 2168 incer-

63 2183 144 2218 tum
168 2183 207 2218 in
233 2194 278 2219 ea
301 2183 406 2218 misit
428 2186 455 2216 B
475 2185 486 2229 ΙΙ
508 2186 551 2217 15
578 2180 737 2228 cui<us>
759 2180 813 2216 Gr
831 2181 843 2226 ΙΙ
864 2185 906 2217 17
935 2180 1052 2227 [quis]
1078 2180 1136 2216 Ro
1156 2182 1168 2226 ΙΙ
1189 2184 1232 2216 19
1259 2180 1352 2225 eius]

64 2229 179 2266 etiam
210 2230 284 2274 Gr;
319 2231 489 2274 fortasse:
526 2230 624 2275 *ego
655 2241 689 2263 v.
716 2228 767 2273 pl.
793 2227 930 2276 (eius)
963 2228 1058 2263 conf.
1086 2239 1116 2263 e.
1145 2241 1180 2272 q.
1207 2227 1231 2262 f.
1258 2240 1294 2273 p.
1322 2237 1353 2261 a.

67 2276 180 2323 [eius]
206 2278 240 2312 d.
267 2290 294 2313 s.
316 2278 328 2322 ΙΙ
349 2282 391 2312 19
417 2279 565 2313 noctem
590 2276 729 2322 illa[m]
750 2275 808 2311 Ro
827 2278 839 2322 ῃ
858 2280 902 2311 22
929 2276 1043 2311 mista
1067 2278 1094 2309 B
1114 2277 1127 2321 ΙΙ
1145 2279 1189 2310 24
1219 2274 1358 2322 [n]ulla

67 2323 125 2358 Ro
151 2325 164 2370 u
184 2327 229 2360 27
258 2325 341 2360 dico
368 2326 498 2360 contra
522 2328 548 2358 P
567 2325 579 2369 u
599 2327 644 2359 30
670 2322 925 2359 confundisset
949 2326 976 2357 B

1093 2381 1142 2416 8*
