1578 2470
254 89 341 130 344
734 90 847 133 QUIN
852 90 1035 127 TILIAN1

255 198 297 237 et
329 196 438 237 alius
464 196 645 237 fortasse
670 199 838 238 tantum
863 198 1132 251 usurpaverit
1156 198 1411 253 libertatem,
1441 198 1510 241 hic

254 256 297 294 et
329 253 590 307 adprobavit.
650 255 832 308 quibus?
887 255 1140 309 publicanis:
1169 255 1413 298 hominibus
1445 255 1512 309 (ut

253 311 501 365 parcissime
533 311 687 367 dicam)
719 313 1069 367 diligentissimis.
1109 313 1154 355 in
1185 328 1351 356 summa
1380 314 1510 356 velim

254 369 474 410 ostendere
505 371 643 411 totum
668 373 786 412 tuum
815 372 1080 413 comitatum:
1113 371 1205 426 quis
1229 371 1403 414 habitus
1429 385 1512 413 ser-

208 438 227 469 5
254 440 401 468 vorum
434 427 547 469 fuit?

342 484 465 539 „Ego
497 488 658 537 tamen,
695 486 852 541 inquit,
890 501 976 528 non
1006 501 1056 528 ea
1087 487 1304 528 voluntate
1334 486 1435 541 feci,
1464 488 1513 528 ut

253 542 322 583 hic
359 542 468 584 liber
505 547 633 598 esset,
671 544 744 585 sed
782 559 848 598 ea,
890 547 937 586 ut
973 545 1143 598 publica
1173 558 1259 586 non
1289 543 1510 586 solveret.“

256 598 434 654 Saepius
467 601 612 643 eadem
645 602 820 644 dicenda
853 605 952 644 sunt
987 625 1035 632 —
1071 603 1201 643 etiam
1231 602 1513 656 gratulamur,

255 658 292 698 si
322 658 458 700 invito
490 661 532 700 te
558 660 668 700 liber
693 662 771 713 est,
795 675 863 700 -τ
894 661 1076 702 liberum
1104 673 1194 702 esse
1219 660 1408 714 noluisti,
1439 659 1512 701 sed

185 726 228 758 10
253 715 299 756 in
330 715 530 758 libertate
562 732 654 758 esse
682 718 869 759 voluisti.
911 718 1017 759 nihil
1048 718 1237 771 interest,
1271 731 1354 772 qua
1384 731 1511 760 causa

255 772 336 814 hoc
367 774 537 815 feceris:
568 775 610 816 id
642 777 728 830 est,
759 775 824 830 (ut
855 776 1029 830 propius
1061 776 1113 817 ad
1143 775 1274 817 verba
1305 775 1412 830 legis
1445 789 1510 816 ac-

255 829 418 886 cedam)
456 832 564 873 nihil
600 833 794 888 interest,
831 848 913 888 qua
951 848 1078 875 causa
1114 833 1159 875 in
1189 833 1387 875 libertate
1419 847 1511 874 esse

255 903 350 930 eum
382 890 578 932 volueris.
620 891 780 932 Verum
811 891 895 933 ista
926 905 1070 946 causa,
1102 905 1228 946 quam
1259 890 1513 945 praetendis,

255 946 384 1000 digna
420 962 559 1002 poena
597 952 673 990 est.
735 949 1076 991 circumscribere
1107 948 1335 1003 vectigalia
1364 948 1513 1003 populi

188 1016 228 1047 15
255 1004 438 1046 Romani
463 1006 647 1048 voluisti.
690 1007 827 1060 specie
853 1007 1108 1061 praetextati
1134 1007 1350 1060 imponere
1374 1005 1512 1060 publi-

255 1076 360 1103 cano
393 1063 579 1106 voluisti.
622 1064 896 1117 postmodum
929 1065 1078 1119 dicam,
1111 1066 1315 1118 quantum
1344 1063 1514 1105 intersit

252 1119 378 1161 huius
403 1122 538 1175 pueri:
571 1121 744 1163 interim
765 1122 914 1175 dicam,
938 1125 1013 1163 tua
1039 1121 1138 1176 quid
1163 1121 1369 1163 interest?
1401 1120 1513 1175 quod

252 1178 456 1233 petieras,
486 1193 574 1220 non
606 1179 786 1234 contigit
815 1179 924 1221 tibi?
962 1194 1048 1221 non
1078 1179 1302 1220 fefellisti?

776 1306 1000 1350 SERMO.

185 1398 230 1428 ‘20
343 1386 462 1429 Haec
493 1387 606 1429 circa
636 1389 713 1442 ius,
745 1389 821 1430 illa
851 1390 937 1431 iam
968 1389 1079 1430 circa
1110 1388 1378 1443 aequitatem.

667 1525 1104 1569 DEOLAMATIO.

342 1606 457 1655 Quae
494 1621 697 1660 passurus
738 1609 802 1648 est
837 1606 906 1648 hic
943 1622 1048 1661 puer
1085 1607 1255 1650 domino
1292 1607 1510 1650 redditus?

254 1664 344 1705 sine
376 1664 503 1705 dubio
536 1664 756 1717 <ultima>.
788 1665 984 1706 novimus
1015 1666 1143 1707 istam
1174 1666 1509 1720 negotiationem

254 1724 297 1763 et
335 1721 681 1776 frequentissima
719 1722 764 1762 in
803 1721 896 1763 foro
934 1723 1122 1764 videmus
1162 1724 1318 1765 iudicia
1355 1723 1509 1765 talium

185 1790 229 1821 25
255 1779 517 1821 iniuriarum.
566 1779 749 1820 fortasse
775 1780 905 1820 etiam
930 1783 1055 1821 natus
1082 1783 1147 1822 est
1171 1781 1395 1835 ingenuus3
1425 1780 1509 1822 for-

254 1840 368 1878 tasse
408 1839 533 1891 rapto
577 1851 628 1878 ex
671 1837 814 1892 aliquo
860 1838 984 1878 litore
1030 1841 1294 1892 praetextam
1339 1838 1511 1880 fortuna

252 1895 447 1936 reddidit.
493 1894 597 1936 illud
630 1897 694 1936 est
724 1897 885 1949 tamen,
916 1896 1029 1950 quod
1058 1910 1136 1938 nos
1168 1897 1304 1951 magis
1336 1895 1509 1938 confun-

346 2047 366 2078 2
393 2043 494 2078 cuius
520 2046 546 2076 B
571 2044 582 2088 ΙΙ
613 2047 634 2077 4
660 2043 803 2079 ostendi
828 2044 898 2079 Sch
927 2045 939 2088 ΙΙ
965 2048 983 2078 7
1010 2054 1054 2078 ea
1078 2054 1142 2080 om.
1168 2046 1194 2077 B
1213 2045 1225 2088 ΙΙ
1244 2047 1264 2078 8
1290 2043 1364 2079 sint
1385 2046 1412 2077 B
1431 2045 1443 2089 fl
1463 2047 1508 2078 14

254 2093 344 2124 —15
375 2090 574 2134 vectigalia
605 2091 652 2134 p‘f
672 2090 821 2124 voluisti
852 2092 974 2134 111115
1006 2090 1234 2134 praetextate
1258 2092 1327 2131 Ab,
1363 2091 1507 2134 praete-

253 2136 348 2171 state
372 2138 398 2168 Β
418 2137 429 2180 ΙΙ
447 2135 644 2180 publicana.
667 2139 711 2180 B,
747 2136 954 2180 publicanis
979 2139 1005 2169 P
1028 2137 1040 2180 ΙΙ
1066 2140 1107 2171 17
1133 2136 1223 2170 *tua
1248 2135 1368 2182 [quid]
1392 2135 1506 2171 inter—

253 2183 308 2217 est
333 2181 381 2226 (.9)
401 2184 475 2225 1123
501 2181 686 2229 (ultima)
710 2182 767 2217 Ro
797 2183 808 2227 ΙΙ
839 2182 1058 2218 novissimus
1082 2185 1108 2216 Β
1127 2183 1203 2227 1124
1227 2181 1368 2217 iudicat
1390 2182 1505 2217 alium

252 2231 317 2262 ΔΒ
337 2228 411 2273 1127
437 2239 544 2264 amen
570 2232 598 2262 Δ
616 2229 628 2273 ΙΙ
645 2239 712 2264 nos
737 2239 802 2264 om.
827 2231 854 2262 Β
