1604 2488
284 122 370 164 322
763 123 1059 166 QUINTILIANI

402 228 679 283 satisfaceret,
708 229 952 271 tabularum
982 245 1188 272 novarum
1213 231 1307 286 lege
1330 232 1422 274 lata
1445 246 1540 286 par-

399 289 485 328 tem
518 287 611 341 agri
640 287 760 341 petit.
807 288 882 329 ille
914 287 957 330 O.
989 287 1040 330 D.

696 413 1129 457 DECLAMATIO.

372 495 499 551 Ager,
537 510 660 551 quem
692 510 958 538 communem
988 497 1112 539 nobis
1144 510 1234 538 esse
1265 496 1372 552 dico,
1402 499 1537 553 patris

237 566 256 596 5
282 555 419 595 nostri
449 553 543 597 fuit.
602 554 638 595 is
671 554 775 595 duos
806 554 963 596 liberos
995 555 1187 609 reliquit,
1225 569 1404 610 aequum
1434 556 1538 598 utri—

283 626 363 666 que
394 612 472 666 ius,
503 611 650 654 eadem
679 613 848 667 utrique
879 627 1008 654 onera
1036 613 1145 654 aeris
1171 612 1310 668 alieni,
1339 613 1445 655 mihi
1471 613 1539 670 (ut

280 684 391 713 nunc
423 669 507 726 est)
538 670 658 711 nihil.

370 726 592 782 „Cessisti‚
622 728 778 782 inquit,
809 727 954 770 mihi.“
1015 727 1059 770 Si
1090 728 1171 771 hoc
1203 729 1292 770 sine
1322 729 1410 770 ulla
1441 743 1536 771 con-

280 787 476 827 ventione
512 786 725 840 fecissem,
761 786 798 827 si
833 787 951 828 nulla
991 787 1150 841 opponi
1185 786 1284 828 huic
1314 788 1414 828 tuae
1444 787 1538 829 voci

213 857 253 887 10
279 847 426 898 posset
463 844 671 898 exceptio,
714 844 913 886 dicerem:
954 844 1319 899 circumscripsisti
1349 844 1539 899 fratrem,

278 917 356 944 nec
387 901 556 944 difficile
587 902 681 952 fuit,
711 902 930 944 minorem.
986 903 1097 957 quod
1129 903 1164 944 si
1195 902 1312 944 nulla
1343 902 1386 943 vi
1416 916 1536 944 coac-

278 963 358 1013 tus,
388 960 518 1002 nullis
549 960 714 1001 insidiis
746 959 806 1014 id,
838 960 948 1014 quod
980 961 1116 1002 solum
1140 960 1266 1002 nobis
1291 962 1413 1014 pater
1441 960 1538 1002 reli·

279 1020 437 1072 querat,
468 1018 550 1059 tibi
581 1019 654 1059 uni
686 1018 890 1071 concessi,
921 1018 1047 1059 debes
1078 1018 1235 1059 referre
1267 1018 1407 1059 animo
1440 1030 1534 1071 gra-

276 1076 393 1117 tiam.
466 1075 559 1117 Hoc
604 1075 727 1117 fratri
775 1076 882 1116 bene
930 1075 1155 1130 diceretur3
1206 1075 1278 1117 sed
1326 1078 1535 1129 quatenus

209 1146 251 1176 15
278 1134 395 1175 exuis
426 1148 580 1175 nomen
610 1133 727 1175 istud
758 1135 800 1175 et
830 1147 907 1174 nos
941 1134 994 1174 ad
1024 1134 1088 1174 ius
1115 1133 1252 1175 solum
1278 1147 1424 1174 vocas:
1457 1133 1535 1174 sub

279 1192 522 1234 condicione
562 1192 686 1233 cessi:
725 1191 786 1232 sic
829 1191 942 1232 enim
980 1193 1197 1245 tamquam
1229 1190 1358 1232 alieni
1388 1190 1535 1244 loqua-

277 1264 383 1291 mur.
444 1249 547 1291 s’tari
583 1263 684 1291 voce
725 1252 795 1290 tua
825 1248 882 1290 sit
914 1262 1095 1303 aequum
1126 1248 1406 1290 conventione
1437 1262 1536 1302 pac-

276 1310 429 1350 torum.
479 1307 590 1362 quod
622 1307 746 1361 quale
776 1305 889 1347 fuit?
919 1308 967 1348 ut
998 1320 1148 1361 agrum
1177 1305 1426 1360 possideres,
1462 1306 1538 1359 ita,

276 1363 342 1420 (ut
374 1364 545 1420 opinor)
578 1368 625 1406 ut
657 1379 727 1406 aes
759 1364 963 1418 alienum,
1001 1365 1113 1418 quod
1144 1365 1279 1419 patris
1312 1363 1409 1416 [tui]
1442 1363 1537 1418 fuit,

207 1435 250 1466 20
277 1424 477 1466 solveres.
536 1423 700 1464 nullam
733 1422 866 1477 igitur
895 1422 1020 1463 huius
1054 1423 1147 1477 agri
1177 1421 1368 1464 habuisti
1399 1421 1535 1463 adhue

275 1482 494 1536 propriam
524 1481 855 1535 possessionem,
886 1480 986 1534 quia
1017 1494 1301 1534 quaecumque
1333 1479 1411 1521 sub
1439 1493 1535 1521 con-

277 1540 442 1581 dicione
474 1539 710 1592 traduntur,
740 1539 803 1580 ita
834 1538 1003 1580 demum
1032 1538 1124 1579 fieri
1154 1540 1334 1592 possunt
1363 1537 1537 1592 propria

277 1611 325 1639 ac
368 1597 617 1652 peculiaria,
663 1597 700 1638 si
743 1595 933 1638 condicio
977 1598 1270 1638 consummata
1313 1598 1387 1637 est.
1453 1595 1536 1636 fuit

274 1655 409 1710 igitur
454 1669 588 1709 usque
633 1655 686 1695 ad
734 1654 903 1695 tabulas
950 1668 1082 1695 novas
1131 1653 1364 1695 communis
1411 1653 1536 1694 nobis

209 1725 252 1756 25
280 1727 391 1768 ager.
425 1715 467 1754 et
497 1717 546 1754 ut
576 1712 741 1753 facilius
774 1715 989 1766 appareat,
1019 1711 1230 1765 fingamus
1262 1714 1305 1752 te
1337 1724 1407 1752 aes
1436 1711 1535 1752 alie-

280 1785 382 1812 num
412 1771 599 1812 noluisse
634 1770 810 1822 solvere,
852 1769 987 1823 egisse
1017 1770 1133 1822 pacti
1163 1769 1287 1810 huius
1318 1768 1534 1822 paeniten-

273 1829 397 1870 tiam:
428 1843 531 1869 num
562 1828 737 1869 dubium
770 1828 850 1881 est,
889 1827 991 1880 quin
1028 1841 1106 1881 ego
1138 1829 1339 1868 venturus
1371 1825 1532 1880 optimo

274 1887 365 1928 iure
402 1886 446 1928 in
482 1886 591 1928 hanc
626 1885 780 1927 fuerim
810 1884 1151 1938 possessionem?
1187 1898 1273 1926 non
1305 1883 1536 1937 quaeritur,

273 1947 323 1987 ut
355 1945 517 1998 opinor.
564 1958 663 1985 nam
698 1942 866 1984 etiamsi
903 1942 984 1984 hoc
1017 1943 1129 1984 inter
1161 1957 1237 1984 nos
1270 1942 1534 1994 convenerat,

370 2087 390 2117 2
415 2083 479 2117 ille
505 2082 541 2116 C.
561 2080 604 2117 D.
630 2092 695 2116 om.
721 2082 817 2125 3113
855 2079 1161 2115 declamac7o
1185 2079 1245 2122 ΔΙΙ
1269 2082 1290 2113 8
1316 2076 1530 2112 condicione

274 2129 360 2164 Ram
386 2133 417 2163 et
441 2129 515 2170 Ro,
548 2128 610 2170 cfs.
636 2139 668 2162 v.
691 2131 757 2168 16;
781 2129 929 2162 21-22
960 2126 971 2170 ΙΙ
1004 2130 1045 2160 12
1071 2126 1109 2160 id
1135 2126 1259 2160 delevit
1282 2127 1333 2158 Ab
1358 2125 1369 2168 H
1397 2126 1532 2158 13—14

272 2187 325 2220 gr.
352 2177 392 2209 ut
417 2175 459 2211 fr.
479 2177 530 2208 Ab
550 2175 561 2218 [Ι
583 2178 624 2208 17
650 2174 756 2217 voce]
783 2173 860 2207 iure
885 2176 911 2206 P
930 2174 941 2217 {l
960 2183 1042 2207 mea.
1065 2174 1143 2214 AB,
1167 2182 1257 2206 corr.
1277 2170 1334 2205 Ro
1359 2171 1420 2213 cfs.
1440 2180 1471 2204 v.
1485 2169 1530 2214 9,ΙΙ

271 2222 320 2256 sit
343 2222 465 2256 actum
491 2231 567 2255 con.
594 2223 620 2253 B
639 2220 650 2264 Η
671 2223 712 2254 19
741 2219 826 2265 [tui]
853 2218 924 2254 Obr
942 2219 953 2263 ΙΙ
972 2223 1015 2253 23
1043 2229 1085 2253 ac
1110 2229 1174 2253 om.
1200 2219 1253 2251 Aa
1270 2217 1282 2260 11
1299 2227 1420 2261 pecu
1434 2215 1529 2250 lia.-

272 2268 346 2303 ria
369 2271 399 2302 A
416 2269 429 2312 ΙΙ
447 2265 660 2301 articularia
684 2269 710 2298 B
