1586 2476
475 125 902 164 DECLAMATIONES.
930 126 1082 163 CCLIX.
1372 126 1429 170 59

229 237 441 281 Nostrum
470 239 635 292 tamen,
673 239 885 292 quatenus
923 235 1065 278 forma
1096 235 1243 279 iudicii
1275 250 1429 304 propo-

141 298 270 352 nitur,
300 296 406 365 <ut>
439 298 598 354 agatur
629 295 899 338 defendentis
930 295 1130 338 imitatio.
1170 294 1284 338 Nam
1318 296 1356 339 si
1387 299 1430 338 te

141 370 320 413 prorsus
364 357 494 399 irasci
538 356 849 410 existimarem,
889 354 1051 410 optime
1082 357 1223 410 pater,
1261 355 1340 398 illa
1372 355 1431 398 di-

140 431 300 460 cerem:
347 415 484 458 filiam
529 415 714 458 abdicas.
789 414 981 457 nondum
1025 414 1208 457 defendo
1251 414 1430 469 factum,

141 475 253 519 nihil
286 476 338 518 de
369 475 455 518 isto
487 475 666 518 crimine
698 474 871 530 loquor.
903 474 1009 516 satis
1040 476 1138 517 tuta
1170 486 1264 516 esse
1284 449 1430 530 potest,

139 535 256 592 apud
294 534 470 577 indices,
540 534 704 577 fulmen
747 532 863 576 istud
904 534 1022 589 patri
1068 533 1272 576 adversus
1320 534 1430 577 fero-

138 595 252 638 ciam
291 594 610 637 adulescentiae
643 593 792 636 datum
824 595 909 648 est,
947 592 1152 637 adversus
1184 593 1318 647 filios,
1356 593 1431 650 qui

141 666 318 710 peccare
367 654 465 709 plus
514 655 709 709 possunt.
790 652 884 696 filia
938 667 1040 695 vero
1090 652 1162 695 vix
1210 652 1430 695 nutricum

140 713 284 756 minas
315 713 478 768 tulerit,
508 713 575 755 vel
607 726 767 765 eorum,
799 727 825 755 a
855 712 1011 769 quibus
1045 712 1264 767 educatur,
1294 712 1430 755 tristi-

139 773 261 816 tiam.
286 772 345 815 Et
369 775 419 816 ut
442 771 568 829 virgo
592 772 809 828 pertineat
835 772 889 814 ad
915 774 1095 827 patrem,
1125 774 1273 814 tamen
1295 775 1432 828 nupta.

142 833 335 888 pertinet
364 831 417 874 ad
449 832 667 874 maritum.
727 833 831 887 post
845 831 1017 886 (diem)
1032 831 1176 886 illum,
1208 845 1292 887 quo
1331 846 1430 887 spes

142 892 380 934 liberorum
418 891 625 934 incohata
662 893 747 946 est,
784 905 868 946 quo
906 891 951 933 in
981 893 1162 946 nepotes
1194 900 1331 946 usque
1362 905 1431 933 co-

141 951 402 1007 gitationem
434 950 606 1004 misisti,
641 949 743 1005 quid
775 949 893 992 aliud
923 953 1047 1006 potes
1079 950 1252 1006 exigere
1284 965 1310 992 a
1341 950 1431 993 filia

139 1013 238 1065 tua,
276 1023 407 1066 quam
439 1009 553 1065 quod
584 1009 749 1064 placuit
780 1009 838 1063 ei,
878 1009 947 1052 cui
979 1009 1204 1052 conlocata
1235 1009 1331 1052 est?
1394 1009 1431 1052 si

140 1069 337 1123 la[e]tius
382 1069 596 1125 agendum
641 1071 772 1124 esset,
820 1068 930 1111 illud
973 1069 1175 1111 dicerem:
1228 1069 1430 1112 abdicare

140 1131 322 1185 propter
353 1129 679 1171 matrimonium
710 1142 799 1171 non
830 1130 968 1185 potes.
1017 1129 1147 1183 paulo
1177 1128 1335 1171 fortior
1365 1142 1429 1171 re-

139 1190 314 1231 cusaret
345 1187 477 1230 etiam
507 1188 689 1243 nubere,
719 1187 807 1230 nisi
832 1188 901 1230 cui
929 1188 1160 1230 voluisset:
1202 1188 1309 1230 haec
1335 1188 1431 1230 sub-

141 1247 244 1291 iecit
274 1247 320 1290 in
351 1247 435 1291 hoc
467 1262 512 1290 se
543 1247 724 1303 imperio
756 1250 846 1302 tuo,
878 1261 930 1290 ex
955 1247 1139 1290 arbitrio
1164 1247 1301 1304 patris
1327 1261 1432 1303 nup·

141 1306 212 1349 sit.
243 1307 376 1362 paulo
400 1306 558 1350 fortius
584 1306 797 1349 vindicari
828 1306 956 1348 debet
982 1307 1311 1350 matrimonium
1342 1307 1431 1349 iam

139 1365 317 1408 factum.
349 1365 412 1409 Ut
438 1367 570 1408 etiam
594 1366 771 1422 nuptias
789 1366 1004 1419 imperare
1024 1366 1180 1421 possis,
1205 1366 1431 1421 repudium

140 1424 643 1541 {ssz‘izigitss‘ffbuzffiis
656 1425 1229 1540 iirissisdrassoqsseessvffi¹¹³
1260 1426 1430 1482 legibus

233 1542 397 1586 Verum
435 1546 586 1586 contra
629 1543 736 1586 haec
773 1545 904 1599 paulo
945 1544 1074 1587 altius
1115 1544 1273 1599 repetit
1314 1544 1431 1586 abdi-

139 1602 358 1645 cationem
389 1605 433 1645 et
463 1617 552 1645 non
583 1605 650 1645 est
680 1604 909 1646 contentus
943 1618 994 1646 ea
1026 1603 1214 1658 obicere,
1252 1606 1432 1659 propter

141 1676 251 1718 quae
264 1661 469 1705 iudicium
486 1665 568 1705 est:
588 1662 798 1718 „mentita
818 1665 896 1718 est,
910 1663 1071 1718 inquit3
1092 1663 1209 1719 patri
1229 1663 1281 1705 de
1301 1666 1431 1719 raptu

239 1805 257 1838 1
284 1804 413 1838 nostra
438 1805 512 1847 AB,
538 1813 631 1839 corr.
657 1802 716 1839 Ro
746 1805 759 1849 11
790 1806 811 1838 2
838 1802 1060 1849 proponitur
1086 1804 1210 1852 agitur
1235 1806 1313 1849 AB,
1338 1813 1431 1840 corr.

141 1845 202 1886 Ro
219 1850 232 1894 11
251 1853 272 1885 3
298 1850 453 1896 optione
477 1853 504 1884 B
524 1850 536 1895 11
555 1849 661 1886 illam
685 1853 713 1884 Β
732 1852 744 1897 11
763 1855 784 1886 5
810 1851 894 1887 tute.
919 1854 960 1896 A,
986 1853 1110 1887 tutum
1134 1850 1174 1896 Β,
1200 1862 1292 1887 corr.
1313 1851 1361 1887 Pi
1379 1851 1390 1895 11
1411 1855 1431 1886 6

141 1898 291 1942 patrum
316 1900 393 1941 AB,
418 1908 510 1934 corr.
526 1897 584 1933 Ro
603 1900 615 1944 11
635 1902 654 1933 7
682 1898 938 1934 adolescentia
963 1901 994 1932 A
1011 1900 1023 1944 11
1044 1900 1177 1944 epote
1204 1899 1265 1943 (cf.
1286 1909 1375 1934 vers.
1386 1902 1433 1935 14

140 1946 312 1990 nepotes)
342 1948 376 1981 et
407 1945 506 1981 brevi
535 1946 729 1981 intervallo
759 1946 904 1982 distans
934 1945 1068 1982 filias
1100 1946 1319 1982 abdicare
1345 1957 1432 1982 non

136 1991 395 2075 lsldllsdebere
421 1994 482 2039 Δ11
477 1992 679 2038 [adversus
704 1993 802 2029 filias
827 1992 1004 2029 abdicare
1030 2004 1105 2029 non
1130 1993 1244 2030 debet
1268 1993 1366 2030 filios
1391 1996 1430 2037 Β,

141 2040 225 2075 adv.
251 2039 278 2075 f.
303 2039 389 2076 abd.
413 2052 452 2075 n.
475 2040 588 2076 debet
612 2040 696 2086 plus
720 2040 941 2086 fi1.1⁸111
969 2040 1127 2089 (diem)
1150 2041 1210 2077 Ro
1234 2042 1247 2086 11
1275 2045 1317 2077 12
1344 2041 1431 2077 inde

140 2088 249 2140 potes
273 2090 301 2121 Β
332 2088 344 2134 11
378 2092 422 2124 15
447 2087 619 2134 la[e]tius
645 2088 751 2134 Aerss
776 2042 945 2124 abdicari
970 2091 997 2122 Β
1016 2090 1029 2134 11
1050 2093 1093 2124 16
1101 2043 1245 2135 >potest
1269 2092 1335 2123 AB
1354 2090 1367 2134 11
1388 2093 1431 2124 17

140 2133 215 2171 nisi
239 2135 409 2181 nupserit
434 2136 494 2171 cui
518 2135 591 2171 vol.
618 2138 644 2169 Β
664 2136 676 2180 11
698 2139 740 2171 19
766 2135 956 2172 vindicare
982 2139 1058 2179 AB,
1084 2147 1178 2172 corr.
1197 2135 1254 2172 Gr
1271 2138 1284 2182 11
1303 2141 1350 2172 20
1375 2138 1432 2172 est

144 2181 184 2218 iz
207 2184 235 2216 Β
265 2183 279 2228 11
309 2182 471 2228 *nuptae
497 2181 548 2228 (ἓ)
569 2183 582 2228 11
607 2186 652 2218 21
678 2182 855 2228 imperari
878 2196 913 2220 n
940 2185 1068 2230 potest
1091 2185 1213 2229 Β1122
1241 2187 1281 2220 et
1305 2196 1329 2231 p
1355 2195 1432 2219 ma·

141 2229 324 2274 gistratus
348 2232 376 2264 Β
400 2231 414 2276 11
444 2234 489 2266 23
515 2230 628 2276 paulo
655 2230 769 2266 latius
794 2231 933 2276 repetit
957 2234 1041 2275 AB,
1074 2242 1167 2268 corr.
1194 2232 1290 2275 Αθη-
1315 2232 1431 2278 paulo

142 2276 271 2360 latiuts:
302 2275 472 2358 gastius>
498 2278 636 2322 repetit
662 2277 720 2314 Ro
755 2279 768 2323 11
804 2282 849 2314 25
887 2281 1039 2315 menata
1077 2281 1150 2324 Aa,
1188 2245 1339 2315 minat}
1369 2282 1395 2313 Β
1421 2280 1433 2325 11

143 2334 222 2369 rap
252 2336 276 2358 u

1459 785 1502 817 10

1459 1082 1502 1114 15

1458 1378 1502 1410 20

1457 1674 1502 1706 25
