1586 2476
204 100 262 146 28
688 104 988 148 QUINTILIANI

207 224 340 266 aequo
370 211 582 266 fecerunt,
613 213 684 266 qui
715 213 981 254 tradentibus
1012 207 1276 267 parentibus:
1309 214 1362 256 ad
1393 228 1465 257 eos

205 283 324 324 vero,
356 270 408 311 ad
440 283 545 324 quos
577 269 810 312 necessitas
842 270 1028 325 pertinet
1056 272 1318 327 nuptiarum,
1354 271 1463 314 nihil

205 329 291 370 ista
325 328 405 370 lex.
464 340 553 369 non
588 329 728 382 magis
766 329 879 370 enim
915 328 1137 383 repudiare
1174 330 1294 385 licet,
1337 341 1465 385 quam

205 397 293 427 non
334 386 494 427 nubere
540 385 699 428 liceret.
759 386 864 428 duas
908 387 1020 428 enim
1062 400 1220 442 poenas
1263 388 1463 431 adversus

159 451 179 484 5
205 446 399 498 raptores
443 444 717 486 constituisse
759 442 830 486 lex
866 445 1050 499 videtur,
1093 445 1271 487 alteram
1301 447 1466 501 mortis,

207 502 391 544 alteram
414 501 681 556 nuptiarum:
712 503 914 544 leviorem
940 502 1051 544 hanc
1075 505 1119 544 et
1143 502 1345 546 beneflcio
1369 516 1465 559 pro-

206 560 390 614 piorem,
442 563 589 602 tamen
637 564 674 602 et
727 561 860 613 ipsam
913 573 1001 602 non
1057 561 1145 603 sine
1199 562 1467 604 necessitate.

207 618 319 672 quod
350 618 387 659 si
418 618 513 672 lege
543 632 631 660 non
664 618 915 673 defenderis,
947 618 1138 673 profecto
1170 619 1374 662 iniustum
1405 620 1467 661 di·

206 676 393 717 vortium
425 678 501 718 est.

138 743 180 773 10
297 732 379 775 Sed
410 734 642 788 fingamus,
673 735 715 775 te
747 734 840 788 lege
872 733 1054 776 defendi:
1085 734 1251 788 reliqua
1280 734 1385 776 haec
1411 736 1468 776 sit

207 791 420 845 quaestio,
458 803 522 832 an·
549 790 688 833 facere
727 790 934 833 debueris.
995 791 1248 834 beneficium
1277 794 1321 834 te
1353 807 1466 835 acce-

205 850 320 903 pisse
363 846 574 890 summum
621 849 894 891 manifestum
937 852 1017 891 est:
1065 850 1200 893 vitam
1236 850 1318 892 tibi
1354 851 1470 892 dedit

206 907 340 961 laesa,
397 907 513 949 dedit
560 906 695 948 vitam
743 907 934 961 perituro
982 921 1059 962 per
1107 907 1344 963 supplicia,
1394 923 1470 962 per

208 965 399 1007 dedecus.
476 978 555 1019 pro
596 964 666 1006 his
713 964 825 1006 nihil
869 979 958 1006 non
999 966 1210 1019 praestari
1254 968 1469 1019 oporteret

138 1031 180 1063 15
208 1023 344 1066 uxori.
381 1022 480 1077 quid
512 1021 628 1064 aliud
660 1023 812 1077 exegit,
845 1035 971 1078 quam
1001 1026 1050 1064 ut
1074 1036 1180 1065 uxor
1203 1022 1347 1065 esset?
1384 1024 1468 1078 „At

210 1081 322 1122 enim
366 1094 453 1122 non
483 1081 693 1134 {pariebat
727 1081 843 1122 intra
878 1080 1246 1136 quinquennium.“
1305 1080 1352 1123 Si
1386 1082 1469 1123 tibi

211 1153 305 1180 eam
335 1141 535 1193 parentes
574 1139 884 1191 conlocassent,
922 1142 995 1180 aut
1025 1139 1119 1193 ipsa
1147 1139 1335 1183 nubendi
1364 1142 1468 1181 tem-

207 1210 286 1251 pus
313 1197 526 1251 elegisset,
552 1196 754 1238 dicerem:
779 1210 894 1238 »non
921 1210 1086 1251 semper
1110 1196 1346 1239 fecunditas
1372 1211 1468 1252 pro-

208 1257 351 1309 perat,
401 1254 628 1308 aliquando
683 1254 816 1296 dilata
863 1255 997 1296 veluti
1044 1255 1258 1310 pleniores
1305 1255 1468 1297 fructus

137 1321 182 1352 20
209 1312 382 1354 reddit«
440 1311 559 1353 Haec
594 1326 694 1354 vero
733 1315 776 1354 et
806 1315 931 1367 rapta
960 1315 1044 1367 est,
1083 1315 1312 1368 antequam
1342 1312 1470 1355 desti-

207 1372 401 1425 naretur,
433 1372 660 1424 antequam
692 1368 845 1413 idonea
873 1371 1037 1424 nuptiis
1068 1369 1291 1424 videretur,
1321 1373 1364 1412 et
1393 1370 1469 1413 ha-

207 1427 302 1471 buit
332 1428 570 1470 maritum
557 1443 602 1470 m
628 1442 794 1470 amores
819 1427 1108 1483 praecipitem,
1137 1428 1183 1470 in
1214 1426 1467 1484 cupiditates

207 1500 410 1541 pronum3
441 1489 483 1527 et
515 1500 610 1528 cum
635 1484 774 1528 invisa
798 1486 931 1528 fuerit
954 1487 1123 1541 marito,
1151 1489 1296 1552 potest
1325 1483 1470 1543 videri,

237 1542 320 1586 uod
350 1557 438 1585 non
466 1543 644 1598 peperit,
673 1543 898 1598 pudicitia,
927 1558 1016 1586 non
1047 1543 1276 1586 sterilitate
1306 1544 1469 1588 fecisse.

138 1610 183 1643 25
208 1557 274 1644 3¹11
324 1615 419 1643 orro
440 1600 646 1655 quidquid
664 1601 778 1656 licet,
796 1602 943 1643 statim
961 1604 1088 1656 putas
1107 1616 1198 1644 esse
1210 1600 1469 1658 faciendum3

209 1615 340 1715 quiqdJ
342 1659 414 1702 uid
439 1657 722 1713 asperrimum
745 1633 876 1714 seges,
901 1658 1104 1714 quidquid
1129 1658 1468 1724 crudelissimum

207 1674 369 1760 habent
416 1716 527 1771 iura,
577 1731 770 1772 occupas.
843 1716 1052 1760 voluisses
1102 1716 1290 1759 animum
1335 1717 1469 1760 talem

207 1775 339 1818 fuisse
369 1773 539 1831 puellae
567 1773 644 1817 illo
675 1777 881 1830 tempore,
914 1789 998 1829 quo
1030 1773 1084 1816 ad
1109 1789 1247 1829 yenua
1270 1773 1468 1818 iacebas?

208 1830 326 1875 Haec
362 1845 462 1875 vero
500 1847 587 1874 non
617 1835 789 1875 tantum
817 1833 995 1886 marito,
1033 1830 1108 1874 sed
1145 1833 1274 1875 etiam
1303 1831 1366 1875 rei
1395 1848 1469 1891 pu-

119 1901 183 1933 —30
208 1891 346 1934 blicae
370 1891 545 1934 reddere
562 1891 734 1946 plenam
751 1892 897 1944 potest
913 1866 1139 1933 rationem.
1174 1905 1276 1934 nam
1300 1890 1470 1933 etiamsi

207 1963 297 1992 non
319 1949 451 1992 habet
473 1948 622 2005 filium,
651 1949 890 1992 asservavit
914 1952 1060 1992 tamen
1085 1948 1293 2004 iuvenem,
1322 1951 1469 1991 tamen

208 2005 436 2062 hominem,
466 2009 613 2049 tamen
643 2006 789 2051 civem

304 2113 323 2144 7
349 2109 414 2145 *et
438 2111 565 2144 tamen
589 2109 657 2144 illa
681 2112 721 2152 Δ,
747 2120 777 2144 e.
802 2111 827 2145 t.
853 2109 1012 2162 illa<m>
1038 2109 1088 2144 Pi
1111 2110 1123 2154 ΙΙ
1148 2113 1168 2144 8
1193 2109 1315 2154 legem
1337 2111 1367 2142 Δ
1391 2110 1403 2154 ΙΙ
1423 2112 1466 2143 10

209 2156 280 2192 hoc
304 2159 334 2190 Δ
362 2157 376 2201 Η
406 2156 497 2192 *erit
522 2166 581 2200 qu.
608 2154 658 2200 (ἓ)
689 2158 700 2200 Η
731 2158 775 2190 18
800 2155 968 2202 eligisset
988 2156 1050 2201 ΔΗ
1080 2157 1126 2191 20
1150 2155 1397 2190 destinaretur
1420 2169 1468 2174 --

208 2203 421 2285 2332&AEss
442 2204 454 2248 ss
485 2204 528 2238 27
553 2202 667 2237 habet
690 2205 719 2236 Δ
741 2203 756 2247 n
779 2206 832 2242 28
849 2203 958 2239 ienua
981 2205 1022 2247 Δ,
1047 2212 1136 2238 corr.
1166 2202 1215 2238 Pi
1232 2201 1244 2247 ΙΙ
1262 2205 1306 2237 81
1331 2202 1372 2236 at
1396 2180 1467 2237 sei·-
