1560 2462
429 90 592 127 TITULI
617 85 1064 126 DECLAMATIONUM.
1267 85 1389 122 XXXI

101 186 306 226 CCCXXV.
332 186 533 222 Hereditas
557 184 646 221 fidei
672 183 882 220 commissa.

101 234 323 273 CCCXXVI.
348 233 483 280 Legati
506 232 607 269 filius
633 232 788 269 victima
812 229 1067 277 pestilentiae.

101 282 340 320 CCCXXVII.
369 281 515 317 Sterilis
540 281 656 316 trium
679 289 850 315 noverca.

102 329 362 368 CCCXXVIII.
388 329 587 365 Discordes
611 328 756 364 fratres.

101 377 322 415 CCCXXIX.
350 377 552 423 Sepultura
574 375 737 430 tyranni,
763 373 830 420 qui
854 384 894 409 se
919 372 1070 409 occidit.

101 425 304 462 CCCXXX.
332 389 572 460 Abdicandus
597 422 673 478 qui
686 402 757 458 alit
781 421 992 457 adulteram
1018 421 1187 456 matrem.

101 473 322 510 CCCXXXI.
347 471 412 508 Bis
438 472 637 508 damnatus
661 469 895 514 iniuriarum,
921 469 1032 505 tertio
1059 468 1264 504 absolutus.

101 519 341 558 CCCXXXII.
369 519 507 555 Divitis
534 520 572 555 et
595 518 769 571 pauperis
794 517 1031 552 testamenta.

101 567 359 605 CCCXXXIII.
386 567 534 613 Pauper
558 564 735 612 impensis
761 564 890 600 divitis
917 564 1088 600 disertus.

101 615 359 654 CCCXXXIV.
385 580 592 651 Proditoris
618 613 811 649 accusator
836 623 881 647 ex
907 612 1112 648 defensore.

101 663 339 700 CCCXXXV.
364 662 519 698 Infamis
543 661 583 697 in
606 671 807 697 novercam
831 660 1060 695 vulneratus.

101 710 358 748 CCCXXXVI.
385 711 486 756 Ager
511 709 718 745 eommunis
743 710 782 744 et
805 718 926 744 novae
950 707 1114 743 tabulae.

101 758 378 796 CCCXXXVII.
404 757 548 793 Seditio
572 756 703 803 populi
729 758 767 792 et
791 755 990 792 exereitus.

102 805 393 843 CCCXXXVIII.
419 805 482 840 Lis
508 805 554 840 de
579 805 658 840 filio
685 803 908 849 expositoris
934 804 972 838 et
997 801 1226 848 repudiatae.

102 853 358 890 CCCXXXIX.
386 854 468 899 Rog
470 852 549 888 atio
575 851 845 887 Demosthenis.

102 901 267 938 CCCXL.
294 865 471 937 Novitiugs
496 900 767 945 praetextatus.

101 947 283 986 CCCXLI.
309 949 383 983 Res
406 947 550 983 furtiva
574 947 798 993 improfessa
822 946 923 991 apud
949 945 1182 991 publicanos.

102 995 303 1033 CCCXLII.
329 996 481 1031 Ancilla
506 994 546 1030 in
571 994 823 1040 archipiratae
848 994 1000 1039 nuptias
1026 993 1150 1028 missa.

27 1066 38 1073 -
102 1043 320 1081 CCCXLIII.
347 1043 655 1088 Circumscriptor
678 1041 865 1088 pauperis
892 1041 1021 1076 divitis
1046 1041 1207 1086 raptoris
1234 1051 1348 1076 socer.

102 1091 318 1128 CCCXLIV.
346 1091 558 1137 Redempta
582 1090 759 1126 meretrix
786 1100 809 1124 a
835 1088 952 1125 divite
977 1089 1155 1135 pauperis
1180 1088 1270 1124 filio.

101 1138 302 1176 CCCXLV.
329 1138 476 1185 Pauper
501 1139 549 1174 ad
574 1136 867 1192 tyrannicidium
892 1136 1064 1173 mercede
1091 1137 1308 1172 conductus.

103 1186 320 1223 CCCXLVI.
348 1186 467 1222 Tutor
490 1186 559 1222 filii
585 1186 642 1221 sui
667 1185 705 1220 in
731 1184 974 1230 adoptionem
1000 1184 1092 1221 dati.

102 1233 339 1271 CCCXLVII.
365 1234 532 1270 Absente
557 1234 694 1269 marito
720 1244 847 1268 rumor
872 1233 911 1268 et
933 1232 1100 1287 nuptiae.

103 1281 358 1318 CCCXLVIII.
384 1283 476 1318 Cum
502 1281 755 1327 proditoribus
781 1290 906 1316 carcer
930 1280 1116 1315 incensus.

105 1329 322 1366 CCCXLIX.
349 1329 525 1376 Raptoris
551 1330 670 1374 pater,
695 1328 906 1364 dementiae
931 1339 1024 1365 reus,

105 1377 243 1414 CCCL:
261 1378 371 1422 Aqua
394 1377 535 1422 frigida
560 1377 735 1422 privigno
761 1376 860 1410 data.

105 1424 256 1460 CCCLI.
282 1425 378 1459 Exul
402 1424 514 1460 index
539 1422 756 1469 tyrannidis.

105 1471 268 1507 CCCLII.
289 1471 388 1507 Reus
397 1470 617 1517 tyrannidis,
626 1470 692 1516 qui
705 1470 930 1506 deliberavit
942 1469 1064 1506 victor
1077 1481 1182 1506 arma
1196 1469 1391 1515 deponere.

104 1517 289 1556 CCCLIII.
315 1519 601 1565 Dispensatores
626 1517 728 1554 torti.

107 1566 293 1603 CCCLIV.
318 1567 500 1602 Morietur
524 1568 729 1611 antequam
753 1565 881 1601 nubat.

107 1613 274 1650 CCCLV.
302 1614 419 1650 Tutor
443 1613 622 1650 lenocinii
647 1625 742 1650 reus.

104 1660 287 1698 CCCLVI.
313 1661 431 1703 Filius
454 1673 521 1707 pro
547 1661 744 1697 meretrice
771 1661 890 1706 patris
917 1671 1023 1696 suam
1048 1660 1247 1695 redimens,

105 1709 304 1746 CCCLVII.
330 1709 431 1745 Uxor
456 1721 533 1745 non
557 1709 772 1754 relinquens
798 1709 846 1744 ob
873 1709 1101 1743 adulterium
1127 1709 1319 1743 caecatum

104 1755 323 1794 CCCLVIII.
349 1756 531 1803 Exposito
557 1756 740 1802 pulsatori
765 1758 984 1801 amputatae
1009 1767 1152 1791 manus.

104 1804 288 1842 CCCLIX.
315 1805 378 1840 Lis
403 1804 596 1850 publicani
622 1804 666 1840 de
692 1803 903 1840 unionibus.

104 1850 270 1889 CCCLX.
295 1852 357 1887 Lis
384 1852 430 1888 de
456 1852 607 1888 dotibus
635 1862 762 1887 socrus
788 1853 827 1887 et
852 1863 975 1887 nurus.

106 1899 288 1937 CCCLXI.
315 1899 486 1945 Depositi
510 1899 613 1945 rapti
637 1899 901 1945 quadruplum.

104 1946 305 1984 CCCLXII.
332 1947 497 1983 Invicem
522 1947 734 1993 pulsatores
758 1948 919 1992 patrum.

105 1994 320 2031 CCCLXIII.
345 1994 555 2040 Vestiplica
578 2006 646 2041 pro
674 1995 835 2030 domina.

105 2041 323 2079 CCCLXIV.
351 2042 588 2079 Conviciator
613 2053 756 2088 pauper
781 2042 934 2078 occisus.

29 2084 31 2087 ’
105 2089 307 2126 CCCLXV.
334 2090 389 2125 De
413 2091 452 2125 vi
477 2093 622 2136 septem
647 2090 799 2126 iudices.

106 2137 323 2174 CCCLXVI.
349 2138 513 2183 Legatus
539 2137 637 2173 filius
663 2137 866 2183 proditoris
892 2135 1047 2172 occisus.

105 2184 340 2222 CCCLXVII.
367 2185 563 2221 Luxuriosi
588 2187 699 2231 pater
722 2186 842 2221 fortis.

105 2231 357 2269 CCCLXVIII.
384 2233 498 2268 Alens
522 2234 669 2279 patrem
694 2235 806 2279 rapta
829 2232 1016 2268 abdicata.

105 2279 321 2316 CCCLXIX.
348 2279 470 2315 Armis
496 2280 684 2326 sepulchri
710 2282 839 2317 victor.
