1604 2488
502 84 932 122 DECLAMATIONES.
960 84 1151 122 CCLXVI.
1418 83 1475 127 87

714 228 948 272 SERMO.

275 325 359 368 His
398 325 588 368 excussis
627 324 951 379 quaestionibus
991 324 1213 366 veniemus
1246 324 1300 366 ad
1333 324 1475 380 aequi-

183 388 335 429 tatem.
391 384 594 428 Dicemus
627 384 709 427 hoc
744 398 838 427 esse
870 399 951 439 pro
983 384 1130 439 nobis,
1168 383 1360 427 dicemus
1392 383 1476 426 hoc

183 459 280 488 esse
311 459 390 501 pro
423 459 470 487 re
500 443 686 500 publica.

616 583 1061 628 DEOLAMATIO.
1504 596 1525 628 5

281 682 409 738 Opto,
441 684 491 724 ut
523 695 698 724 causam
729 681 886 723 iterum
918 680 1070 723 dicam.
1132 694 1212 722 nec
1244 695 1312 722 me
1345 680 1477 735 fallit,

184 757 318 798 quam
349 741 487 784 multa
518 743 806 796 praeteream,
851 754 960 795 quae
998 739 1108 782 mihi
1140 740 1238 795 lege
1271 754 1478 783 concessa

186 802 288 844 sint.
328 801 402 843 sed
428 800 524 856 quis
550 799 726 842 tandem
752 814 822 842 me
853 800 1142 854 innocentem,
1175 799 1271 854 quis
1297 799 1477 855 dignum

183 860 515 904 conversatione
541 862 688 902 vestra
718 861 905 914 putaret,
938 859 975 901 si
1002 858 1120 901 aliud
1147 859 1374 914 optarem?
1409 861 1475 901 est

184 934 266 976 pro
304 934 385 962 me.
446 933 535 961 non
573 919 688 960 enim
726 921 769 960 et
809 921 905 960 tum
935 913 1034 961 ideo
1065 920 1239 960 tantum
1272 918 1472 961 defensus
1503 929 1547 960 10

186 993 296 1034 sum,
327 980 376 1021 ut
401 978 448 1020 in
473 978 651 1020 civitate
677 991 958 1031 remanerem,
990 980 1038 1019 ut
1063 992 1203 1020 essem
1229 978 1474 1020 vobiscum:

184 1038 260 1081 sed
292 1040 342 1080 ut
371 1037 603 1094 probarem
642 1052 711 1079 me
742 1038 1040 1090 innocentem,
1077 1037 1188 1079 nihil
1221 1040 1375 1080 contra
1405 1052 1478 1092 pa-

183 1097 318 1141 triam
350 1111 494 1140 meam
527 1106 625 1139 esse
652 1097 867 1139 molitum.
918 1100 962 1138 et
992 1111 1106 1139 nunc
1137 1111 1226 1139 non
1259 1099 1326 1139 est
1358 1098 1476 1150 satis,

185 1158 227 1200 si
264 1156 372 1199 mihi
410 1156 658 1213 ignovistis,
705 1156 740 1199 si
777 1171 845 1198 me
884 1156 1023 1198 civem
1061 1159 1257 1198 vestrum
1297 1156 1477 1212 publica
1524 1201 1527 1203 ‚

185 1217 424 1259 necessitas
454 1215 571 1258 fecit.
614 1229 695 1272 ego
728 1230 830 1258 vero
865 1215 902 1257 si
928 1215 1084 1258 merito
1110 1215 1341 1258 damnatus
1370 1230 1478 1271 sum,
1506 1225 1549 1257 15

185 1276 227 1318 si
265 1275 368 1331 quid
410 1275 518 1330 tale,
561 1275 689 1330 quale
734 1277 886 1317 contra
923 1289 992 1317 me
1030 1275 1359 1330 pronuntiatum
1400 1278 1479 1330 est,

190 1334 296 1377 feci:
329 1349 418 1377 non
448 1336 549 1377 utor
579 1335 665 1376 isto
697 1334 917 1376 beneficio.

276 1392 378 1436 Non
414 1394 472 1436 sit
508 1407 586 1448 pro
625 1408 714 1448 me,
758 1393 832 1435 sed
871 1395 939 1435 est
968 1407 1047 1448 pro
1081 1393 1270 1436 civitate.
1340 1392 1479 1436 homi-

186 1452 291 1495 cidii
322 1453 572 1508 damnatus,
616 1452 787 1494 etiamsi
819 1453 976 1495 merito
1010 1452 1234 1508 exulabat,
1279 1452 1317 1495 si
1357 1467 1479 1495 revo-

186 1515 311 1555 catus
352 1514 435 1566 est,
478 1514 624 1567 potest
665 1511 718 1554 de
759 1526 808 1554 eo
848 1512 950 1566 dici,
994 1512 1131 1554 »satis
1173 1511 1291 1554 dedit
1322 1526 1479 1567 poena·
1505 1522 1551 1554 20

187 1585 331 1628 rum«;
375 1571 463 1613 alia
500 1571 664 1613 scelera
700 1571 831 1613 finem
870 1571 1184 1627 suppliciorum
1215 1572 1478 1626 acceperint:

186 1645 266 1673 vos
320 1630 588 1686 proditorem
644 1630 691 1672 in
746 1630 922 1673 civitate
978 1631 1131 1673 sinetis
1187 1630 1319 1673 esse?
1382 1646 1480 1673 cum

187 1689 350 1732 totiens
383 1689 500 1732 bella
525 1690 818 1733 interveniant
845 1689 952 1746 (non
977 1690 1073 1733 dico
1102 1690 1152 1732 de
1179 1692 1373 1733 extremo
1399 1690 1478 1732 illo

185 1749 453 1792 discrimine:
503 1749 619 1792 tanti
654 1763 738 1792 non
771 1752 838 1792 est
868 1753 1010 1792 metus
1042 1749 1333 1806 cuiusquam),
1382 1752 1479 1792 toto

183 1808 332 1851 animo
365 1807 571 1852 adversus
602 1808 776 1851 hostem
807 1809 909 1864 nisi,
946 1824 1035 1852 non
1066 1808 1339 1864 respicietis?
1389 1823 1478 1852 non
1504 1818 1550 1851 25

187 1867 515 1923 expavescetis‘?
549 1871 616 1911 est
646 1883 727 1923 pro
759 1883 805 1911 re
836 1869 1020 1923 publica.

269 1926 364 1970 ‘Sed
390 1928 656 1970 accusatoris
683 1928 787 1983 quid
812 1928 1027 1971 interest?
1061 1931 1136 1970 aut
1163 1927 1267 1983 quid
1294 1930 1372 1982 est,
1404 1942 1480 1970 cur

286 2047 306 2079 7
332 2044 482 2088 praeter
508 2055 551 2080 ea
577 2048 603 2077 P
622 2046 633 2090 ΙΙ
652 2044 746 2079 mihi
771 2055 837 2080 om.
866 2048 888 2078 C
914 2045 925 2089 ΙΙ
947 2048 991 2079 10
1011 2048 1096 2090 post
1121 2055 1188 2090 pro
1214 2055 1273 2080 me
1300 2045 1480 2080 6-812't-

184 2093 347 2127 terarum
371 2092 532 2137 spatium
556 2103 713 2127 vacuum
737 2092 779 2126 in
805 2095 827 2125 G
853 2093 865 2138 Η
894 2096 935 2127 12
970 2093 1012 2127 ut
1037 2092 1243 2137 approbem
1268 2095 1313 2136 B,
1340 2093 1382 2127 ut
1408 2103 1474 2137 ap·

188 2138 388 2184 probarem
414 2140 468 2183 011
488 2143 529 2181 13
557 2150 633 2184 non
658 2149 725 2175 om.
740 2142 766 2172 P
785 2139 796 2183 ΙΙ
818 2143 862 2174 14
887 2139 919 2174 si
946 2140 1085 2185 (prius)
1113 2150 1179 2175 om.
1205 2142 1232 2173 B
1252 2140 1264 2185 u
1286 2143 1329 2174 15
1355 2150 1480 2175 neces-

188 2185 303 2221 sitate
328 2189 382 2220 Aa.
400 2187 411 2232 fl
433 2189 475 2221 18
502 2187 560 2221 est
585 2188 691 2230 ABG,
719 2197 811 2223 corr.
832 2186 903 2222 Sch
922 2188 933 2231 ΙΙ
953 2187 1017 2223 sed
1042 2198 1110 2232 pro
1137 2187 1206 2222 civ.
1227 2190 1253 2220 B
1273 2188 1285 2233 H
1306 2191 1350 2222 21
1379 2197 1480 2222 scere

187 2234 243 2266 Aa.
272 2234 284 2279 11
315 2237 362 2268 24
386 2233 531 2269 tantine
558 2236 615 2269 est
640 2235 761 2269 metus
786 2234 986 2279 quisquam
1012 2237 1060 2278 A,
1095 2234 1194 2270 tanti
1219 2234 1317 2270 inest
1342 2246 1391 2270 m.
1419 2246 1480 2279 qu.

185 2281 233 2322 B,
259 2291 350 2316 corr.
377 2280 530 2325 1201125
556 2281 688 2316 advers
714 2284 755 2324 A,
782 2281 910 2317 adveri
936 2285 958 2315 c
978 2282 990 2326 ΙΙ
1008 2281 1082 2317 nisi
1106 2292 1173 2317 om.
1199 2284 1257 2315 Bc
