1604 2488
413 110 838 148 DECLAMATIONES.
866 109 1091 148 CCCXVIII.
1310 109 1396 152 251

108 225 178 266 tra
207 235 277 264 me
309 221 379 276 sit,
412 221 519 263 satis
553 221 612 264 sit
642 221 814 277 utrique
844 221 1039 263 vestrum
1070 219 1307 275 separatim
1339 219 1399 261 di·

108 296 223 326 cere·
245 281 330 324 tibi
353 281 471 324 nolo.
503 279 602 336 „Sic
632 294 736 337 ergo
760 280 844 323 hoc
867 279 1150 336 respondebis
1177 278 1401 335 semper?“

108 341 222 384 Puta
263 354 332 383 me
370 340 530 383 dicere·
573 355 751 396 querere
789 339 842 382 de
871 342 916 382 te
948 341 1078 394 atque
1111 338 1267 382 officiis
1299 339 1400 393 tuis,

108 391 185 457 qui
213 415 303 444 non
333 400 459 442 aliter
489 400 698 442 meruisti.
743 399 929 442 fortasse
961 413 1118 441 vexare
1150 413 1227 441 vos
1259 398 1400 441 voluit

108 464 153 503 et
194 460 392 516 legatum
430 474 604 515 sperare
636 473 806 514 semper
851 461 895 501 et
939 458 1118 500 alternis
1158 458 1399 514 desperare.

108 520 170 562 sic
205 520 321 562 tueri
356 534 426 562 me
466 519 587 575 volo,
622 521 672 561 ut
702 518 844 561 dicam
876 532 1058 574 semper.
1119 520 1220 560 ante
1252 517 1399 560 omnia

109 579 227 622 enim
256 581 521 622 testamento
552 581 724 634 tempus
755 592 844 620 11011
875 580 943 620 est
973 579 1166 632 cautum,
1198 592 1282 633 quo
1317 577 1399 619 sol-

107 654 225 695 vam3
263 652 314 681 ac
351 653 405 680 ne
444 639 586 680 caveri
617 637 792 694 quidem
823 637 978 692 potuit.
1039 651 1143 679 nam
1175 637 1249 692 qui
1281 636 1399 691 dicit,

105 699 224 741 »utri
262 698 498 740 malueris«
543 700 586 740 et
627 700 798 752 tempus
838 711 928 739 non
972 696 1122 750 adicit,
1163 695 1398 738 manifesto

105 757 213 800 illud
246 772 416 813 quoque
448 757 680 813 significat,
712 771 810 799 cum
839 757 1044 811 volueris,
1075 757 1162 798 utri
1194 755 1398 810 volueris,

106 817 263 860 solves.
311 816 450 859 adhuc
487 830 590 874 ergo
623 816 752 859 ambo
783 815 972 871 improbi
1005 816 1130 871 estis,
1168 815 1296 858 ambo
1330 829 1399 857 ca-

106 876 400 919 lumniatores.
457 890 587 932 quam
630 875 849 931 sapienter
879 876 1096 918 tacueras!
1160 875 1197 917 si
1233 875 1279 916 in
1316 874 1399 917 1100

105 949 443 992 perseverasses,
473 934 679 977 videreris
711 934 821 977 mihi
846 934 1143 988 verecundi0r3
1177 948 1398 990 sperarem

106 995 312 1050 futurum,
355 997 404 1036 ut
446 993 700 1050 diligentius
734 1008 930 1037 servares
971 993 1223 1050 pecuniam,
1267 1007 1397 1048 quam

103 1068 192 1097 11011
223 1053 374 1110 cupide
407 1067 653 1110 acceperas:
684 1067 798 1096 nunc
829 1053 983 1109 incipit
1014 1053 1122 1095 mihi
1152 1052 1291 1095 videri
1318 1053 1396 1094 mi-

105 1128 187 1156 nus
217 1113 292 1156 ille
323 1127 536 1169 peccasse.
568 1113 763 1168 litigavit
789 1115 890 1155 ante
916 1113 1273 1169 experimentum,
1305 1112 1396 1155 liti-

107 1173 231 1228 gavit
264 1175 366 1215 ante
397 1173 678 1215 sententiam:
709 1176 759 1214 tu
783 1187 872 1215 non
903 1172 1042 1214 credis
1075 1171 1301 1214 iudicibus.

223 1231 414 1286 „Neuter
444 1246 547 1288 ergo
580 1232 791 1288 accipiet?
836 1246 934 1274 cum
966 1231 1155 1274 voluerit
1185 1233 1395 1286 patronus

105 1291 233 1334 alteri
265 1291 375 1345 dari,
406 1306 495 1334 non
525 1293 672 1346 potest
704 1291 758 1334 ab
791 1291 929 1333 altero
962 1290 1046 1333 hoc
1077 1291 1272 1346 legatum
1305 1290 1397 1345 peti

105 1365 157 1393 ex
187 1351 414 1394 voluntate
445 1349 693 1393 defuncti?“
735 1350 900 1393 Neuter
930 1353 1121 1392 vestrum
1153 1350 1292 1392 dicere
1321 1363 1396 1404 po-

103 1413 208 1465 test,
247 1410 330 1453 hoe
367 1413 577 1466 patronus
616 1409 710 1452 dari
742 1409 850 1451 mihi
876 1409 1032 1452 voluit.
1093 1409 1250 1451 habuit
1280 1409 1398 1451 hunc

104 1469 317 1512 honorem
342 1469 462 1525 mihi,
492 1472 543 1511 ut
566 1469 682 1511 istud
707 1471 823 1511 esset
847 1468 1105 1511 beneficium
1130 1483 1286 1511 meum.
1329 1482 1398 1510 me

104 1542 209 1585 ergo
247 1530 428 1572 emereri
466 1529 594 1571 debet
632 1531 676 1570 et
707 1543 732 1571 a
766 1543 832 1570 me
864 1528 982 1571 istud
1012 1530 1178 1584 petere,
1226 1527 1341 1584 quod
1373 1543 1399 1570 a

103 1590 292 1645 patrono
323 1603 412 1631 non
443 1588 581 1644 petiit.

194 1648 409 1704 Detegam
446 1648 571 1690 vobis
610 1647 884 1703 propositum
916 1647 1043 1689 amici
1075 1647 1179 1690 mei:
1221 1646 1395 1689 meliori

104 1707 200 1751 dari
230 1707 380 1751 voluit.
429 1711 508 1750 hoc
541 1707 643 1749 sciri
672 1721 724 1749 ex
748 1707 986 1763 praeterita
1017 1707 1110 1749 vita
1135 1709 1281 1749 vestra
1307 1721 1396 1749 11011

103 1769 265 1823 potest:
298 1767 463 1823 alioqui
487 1767 582 1822 ipse
609 1767 761 1809 scisset
784 1769 839 1820 et,
871 1767 907 1808 si
932 1767 1024 1809 ulla
1047 1766 1166 1808 inter
1190 1780 1267 1808 vos
1292 1766 1399 1808 fuis-

104 1829 172 1869 set
208 1826 468 1882 differentia,
510 1826 771 1868 nominatim
808 1826 1067 1887 reliquisset.
1129 1826 1212 1868 hoc
1250 1826 1397 1882 legato

102 1886 274 1941 patroni
306 1886 442 1929 vestri
472 1899 646 1928 necesse
679 1888 745 1928 est
775 1874 948 1941 utrique
981 1887 1175 1927 vestrum
1215 1885 1397 1941 diligen-

201 2030 220 2061 1
254 2025 304 2061 sit
330 2029 415 2070 post
447 2025 538 2061 satis
563 2036 630 2061 om.
656 2029 683 2059 B
707 2027 721 2071 ΙΙ
745 2030 766 2061 2
794 2026 826 2061 si
850 2029 876 2060 Β
901 2026 914 2070 Ι]
938 2026 1009 2061 1100
1035 2035 1103 2060 om.
1131 2027 1162 2059 A
1191 2026 1204 2071 11
1237 2029 1256 2060 3
1284 2035 1397 2070 quere

106 2075 231 2120 Aafl6
256 2074 300 2108 ut
325 2073 397 2109 hoc
423 2072 546 2109 dicam
573 2085 600 2109 s,
627 2073 686 2108 Ro
703 2074 717 2118 ΙΙ
736 2077 756 2108 9
783 2072 877 2109 dicit
901 2077 927 2107 Β
953 2074 965 2119 11
990 2072 1236 2108 manifesto
1262 2075 1293 2107 A
1319 2073 1397 2117 1110

104 2121 181 2157 utri
203 2120 368 2157 volueris
393 2131 460 2156 om.
487 2123 518 2155 A
536 2122 548 2165 ΙΙ
569 2125 611 2156 12
638 2130 743 2155 cau·
771 2124 801 2155 A
819 2122 831 2167 {l
853 2124 993 2156 13—14
1018 2130 1168 2165 sperare
1192 2120 1231 2156 in
1257 2120 1326 2156 fut.
1352 2120 1399 2167 ΒΗ

109 2173 155 2205 14
177 2170 222 2204 ut
244 2179 311 2205 om.
326 2171 357 2203 A
374 2169 387 2214 u
409 2172 451 2204 16
477 2179 579 2214 pecc.
605 2167 756 2213 litigavi
780 2171 812 2203 A
829 2170 842 2213 ΙΙ
860 2168 916 2204 lit.
937 2167 1164 2204 sententiam
1182 2170 1209 2202 B
1228 2169 1241 2212 ΙΙ
1262 2171 1305 2203 19
1326 2169 1399 2204 11110

106 2218 139 2251 A
154 2216 169 2261 Ι
186 2219 327 2252 21-22
346 2215 463 2252 habui
481 2217 580 2251 hunc
599 2215 685 2250 hon.
706 2216 749 2251 ut
770 2218 796 2250 B
816 2217 829 2261 ss
847 2219 892 2251 23
919 2227 1008 2262 ergo
1035 2215 1074 2251 et
1098 2226 1188 2252 mer.
1208 2218 1235 2250 B
1254 2216 1267 2261 Ι]
1286 2216 1400 2251 debes

108 2263 184 2299 Aer
201 2264 214 2309 ΙΙ
232 2267 278 2299 24
302 2263 461 2309 petisset
485 2266 562 2307 AB,
589 2274 679 2298 corr.
701 2262 771 2306 Ro,
796 2263 955 2309 petisses
977 2263 1053 2299 Aer
1071 2264 1083 2309 ss
1103 2266 1147 2298 27
1173 2262 1327 2299 fecisset
1351 2263 1400 2307 ΡΗ

107 2309 214 2346 nulla
236 2314 263 2344 Β
281 2311 295 2356 ΙΙ
313 2314 358 2346 28
379 2311 548 2357 legatum
574 2314 600 2345 Β
619 2312 631 2356 ΙΙ
651 2314 697 2345 29
722 2311 851 2355 utique
876 2314 902 2345 P

1278 2384 1310 2415 0

1428 766 1471 796 10

1424 1361 1468 1392 20

1421 1658 1466 1690 25
