1560 2462
158 114 264 149 XXII

162 214 272 251 1494

162 468 271 505 1563

163 1169 274 1206 1580

649 116 931 153 PRAEFATIO.

303 213 574 252 Parmensis
606 214 820 264 Ugoleti‚
851 215 898 253 de
931 229 1008 264 qua
1040 229 1156 265 supra
1188 212 1294 269 (pag.
1321 217 1415 255 XIV

304 271 407 327 sqq.)
439 278 635 326 copiosius
668 279 844 317 disserui.

305 340 489 388 Repetita
534 344 595 379 est
635 344 743 380 1509
784 343 945 381 Parisiis
982 343 1086 392 apud
1125 344 1186 382 Jo.
1217 343 1417 383 Parvum

303 398 462 455 (Petit).

304 467 528 506 Parisina
558 468 779 518 Aerodii,
816 471 923 520 typis
955 471 1046 510 Frd.
1077 471 1231 509 Morelli
1265 483 1416 520 excusa,

305 532 389 570 sola
430 531 653 570 Parmensis
693 529 753 585 (et
782 534 983 572 Parisinae
1021 535 1127 572 illius
1159 529 1296 586 Parvi)
1333 547 1417 588 ope,

305 595 372 633 sed
398 608 551 633 summa
577 608 664 633 cum
690 597 906 645 sagacitate
925 598 1140 635 constituta
1163 610 1187 635 a
1210 597 1296 636 viro
1319 597 1417 636 iuris

302 659 541 708 peritissimo
589 663 646 709 et,
697 673 932 709 quamquam
979 673 1123 709 paucos
1166 663 1256 709 post
1297 674 1418 700 annos

305 723 514 760 obscurata
545 726 617 761 est
648 724 751 761 edito
781 737 852 773 per
882 724 1090 762 Pithoeum
1120 724 1250 763 eodiee
1280 725 1332 774 A,
1368 737 1417 763 ne

304 786 418 824 hodie
464 787 620 835 quidem
656 787 818 826 inutilis.
881 787 956 832 Qui
998 801 1086 826 eum
1125 788 1331 826 Parmensi
1360 788 1417 826 in-

304 850 481 888 stituerit
517 852 846 899 comparationem
876 852 940 890 vel
971 852 1076 890 locos
1107 843 1322 889 attenderit
1351 863 1418 890 eos

303 914 370 962 qui
405 915 492 962 pari
529 914 570 951 in
607 916 737 953 codiee
768 917 804 952 A
842 918 960 964 atque
997 916 1038 952 in
1075 915 1243 953 editione
1274 915 1305 952 P
1337 927 1418 953 eor-

301 978 458 1026 ruptela
494 978 692 1028 laborant,
730 991 808 1017 non
837 979 947 1016 tenui
978 978 1094 1016 laude
1125 978 1287 1028 dignum
1318 991 1415 1028 opus

302 1041 415 1079 facile
446 1041 711 1090 profitebitur.
773 1037 839 1094 (ef.
864 1037 994 1094 Vssss).

301 1105 484 1153 Repetita
513 1106 608 1144 haec
640 1106 758 1145 editio
791 1107 852 1144 est
883 1106 1148 1144 Mediolani
1182 1108 1304 1145 1619.

306 1169 528 1206 Parisina
547 1169 752 1220 Pithoei,
792 1170 897 1218 apud
928 1170 1109 1208 Mamert.
1147 1169 1328 1208 Patisson
1353 1182 1417 1208 ex-

304 1244 413 1280 cusa,
445 1244 543 1280 quae
576 1232 659 1270 sola
689 1235 847 1281 praeter
877 1233 1128 1271 Parmensem
1159 1233 1301 1271 nititur
1324 1233 1416 1271 libri

303 1296 562 1343 manuscripti
591 1296 666 1333 fide
699 1299 739 1334 et
763 1297 832 1334 illa
858 1296 1014 1345 quidem
1040 1297 1177 1344 optimi
1201 1296 1342 1334 codicis
1367 1296 1415 1345 A,

302 1359 646 1409 Montepessulani.
704 1360 836 1398 Habet
873 1363 913 1398 et
953 1360 1115 1398 habebit
1152 1360 1299 1408 aliquid
1335 1372 1416 1398 mo-

303 1423 436 1470 menti,
467 1435 555 1460 eum
586 1424 689 1472 quod
721 1424 1021 1473 diligentissime
1053 1426 1186 1461 secuta
1217 1425 1278 1462 est
1301 1424 1416 1462 vetus

303 1487 522 1534 exemplum
547 1489 633 1524 tum
664 1488 767 1535 quod
790 1487 910 1525 etiam
938 1487 1106 1536 primam
1130 1487 1240 1524 illam
1275 1487 1416 1525 codicis

302 1550 488 1598 paginam
516 1551 775 1599 transcripsit,
801 1551 910 1588 cuius
942 1550 1057 1588 hodie
1086 1563 1134 1588 ne
1159 1563 1238 1588 una.
1261 1550 1420 1599 quidem

302 1614 418 1651 litera
461 1614 637 1663 dignosci
677 1616 819 1662 potest.
833 1610 874 1665 ⁴²)
937 1614 1129 1663 Adiungit
1168 1614 1418 1652 declamatio-

303 1678 419 1715 nibus
451 1677 653 1726 Calpurnii
684 1678 813 1715 Flacci
845 1679 895 1716 51
931 1679 1116 1726 excerpta
1146 1679 1186 1715 et
1217 1677 1418 1727 dialogum

303 1742 350 1779 de
401 1741 634 1779 oratoribus.
695 1741 875 1779 Summae
918 1742 1068 1790 aliquot
1110 1741 1277 1790 paginae
1313 1741 1417 1780 notis

307 1806 431 1854 datae,
458 1805 600 1854 quibus
620 1807 690 1843 aut
707 1804 1003 1853 perscribuntur
1028 1805 1168 1843 codicis
1193 1805 1325 1855 verba,
1349 1805 1419 1844 ubi

308 1869 401 1918 quid
438 1881 558 1919 supra
597 1870 812 1908 correctum
850 1871 911 1905 est
947 1869 996 1906 ab
1031 1868 1197 1918 editore,
1234 1870 1304 1907 aut
1339 1881 1418 1907 ser-

305 1933 406 1971 vatis
443 1933 500 1970 ita
536 1934 581 1970 ut
616 1931 764 1970 tradita
793 1931 834 1968 in
870 1931 906 1969 A
938 1933 1029 1969 sunt
1058 1932 1189 1970 verbis
1221 1932 1418 1973 adduntur

305 1996 562 2034 coniecturae.
604 1995 844 2044 Diligentiae
870 1995 1028 2034 editoris
1049 1996 1168 2033 etiam
1187 1996 1283 2034 haee
1300 2008 1416 2046 argu-

304 2061 447 2097 menta.
498 2059 573 2097 Sed
602 2062 736 2097 tamen
761 2058 1007 2097 desideratur
1032 2071 1078 2097 ea
1104 2059 1314 2108 subtilitas,
1339 2071 1423 2108 qua

305 2123 372 2172 qui
408 2123 522 2161 hodie
561 2123 719 2162 editoris
756 2135 916 2160 munere
946 2122 1124 2172 fungitur
1154 2123 1214 2161 uti
1242 2135 1315 2171 par
1344 2125 1416 2162 est.

253 2212 287 2256 ³⁸)
313 2211 441 2255 Itaque
468 2221 561 2255 quae
587 2222 629 2245 ex
648 2211 879 2246 Pithoenana
903 2211 1076 2255 depromo
1096 2210 1238 2254 primae
1257 2210 1416 2255 paginae

158 2259 282 2302 verba,
306 2269 379 2293 non
373 2222 446 2302 qu
473 2257 538 2292 sed
562 2257 605 2292 Pi
630 2257 735 2303 signo
760 2258 799 2292 in
825 2259 1005 2302 apparatu
1030 2256 1159 2292 critico
1184 2256 1322 2292 notavi.
