1604 2488
209 462 229 492 5

188 752 230 782 10

189 1040 230 1071 15

189 1330 232 1361 20

189 1619 234 1650 25

192 1909 236 1940 30

256 112 339 153 146
733 111 1030 155 QUINTILIANI

257 219 394 273 magis
430 218 572 273 potuit
602 218 766 260 irasci«.
813 219 885 260 sed
918 218 1018 272 quid
1049 232 1219 260 causam
1249 218 1416 261 infirmo
1448 218 1511 260 di·

256 276 417 318 cendo‘?
466 277 510 317 in
548 276 690 331 aliqua
726 291 802 318 vos
840 276 1004 331 positos
1043 276 1212 330 specula
1247 278 1395 331 putate
1424 277 1513 331 illa,

257 349 364 388 quae
407 334 522 376 facta
563 337 678 389 sunt,
720 334 875 376 videre.
935 333 1156 376 abdicatus
1198 334 1244 375 in
1280 334 1514 376 solitudine

256 394 337 433 est:
374 392 491 434 locus
530 395 794 447 opportunus
825 391 1008 446 insidiis3
1043 392 1174 434 habet
1203 392 1409 446 gladium:
1445 393 1509 433 in-

256 452 536 491 strumentum
568 450 800 505 parricidii,
833 449 994 492 accedit
1025 449 1077 491 ad
1102 451 1266 504 patrem
1299 463 1513 504 manuque

256 508 428 550 sublata
457 521 619 562 »rogo«
650 508 763 562 dicit,
794 509 944 549 immo:
975 507 1103 550 iubet.
1151 521 1236 550 non
1268 510 1366 550 sunt
1396 508 1509 549 enim

254 580 412 621 preces,
441 566 513 608 ubi
545 566 731 620 negandi
760 567 937 607 libertas
968 580 1054 607 non
1086 567 1160 606 est.
1200 565 1420 620 utriusque
1449 565 1512 606 in-

254 624 434 666 tuemini
465 624 651 665 animum
685 627 742 677 et,
775 625 810 665 si
840 624 1015 678 videtur,
1046 624 1163 677 prius
1195 637 1346 665 meum.
1403 622 1510 665 occi-

256 696 401 723 surum
431 685 473 723 te
503 696 590 724 non
621 682 812 724 dubitavi
841 682 1019 736 ideoque
1049 681 1124 723 ille
1156 695 1323 723 severus
1353 693 1512 735 negare

254 754 340 781 non
370 740 500 794 potui.
549 740 711 794 reliqua
743 755 767 781 a
798 740 950 781 vestris
982 739 1134 781 animis
1164 739 1442 794 interrogate:
1473 739 1511 779 is

257 798 327 852 qui
360 800 547 839 armatus
579 799 716 852 rogat,
747 797 846 851 quid
877 797 1066 838 facturus
1099 797 1172 851 sit,
1203 797 1238 838 si
1268 811 1354 838 non
1383 796 1514 850 impe-

256 855 463 897 traverit?
494 855 576 896 duo
608 858 723 909 sunt,
755 855 916 909 opinor,
946 856 1057 896 inter
1090 869 1195 910 quae
1227 853 1418 909 quaestio
1449 854 1515 894 in-

256 913 466 966 terposita
497 914 706 955 videatur:
738 914 806 955 hic
839 914 875 955 si
900 927 985 955 non
1010 914 1275 967 imperasset,
1306 914 1380 954 aut
1404 911 1514 953 occi-

259 986 381 1013 surus
413 971 553 1013 fuerat
584 974 658 1012 aut
689 972 932 1013 moriturus.
993 985 1080 1012 non
1111 971 1215 1024 dico,
1255 971 1398 1012 utrum
1428 982 1513 1010 cre-

257 1029 428 1071 dibilius
461 1029 534 1083 sit,
574 1031 717 1070 utrum
747 1029 927 1070 facilius.
989 1043 1162 1070 exorare
1193 1042 1260 1068 me
1285 1026 1513 1069 volueras?

258 1090 414 1142 quanto
456 1087 733 1142 opportunius
778 1086 880 1128 alibi
921 1099 1135 1141 rogasses,
1178 1085 1261 1127 alio
1302 1087 1514 1138 tempore:

258 1160 353 1187 cum
373 1144 557 1199 primum
585 1145 805 1187 abdicatus
831 1159 888 1198 es,
915 1144 1118 1186 adhibitis
1141 1142 1392 1197 propinquis
1412 1141 1514 1196 (et)

259 1204 419 1245 amicis.
475 1203 576 1256 quid
606 1203 709 1244 facit
740 1203 791 1244 ad
823 1215 968 1256 preces
1000 1200 1214 1243 solitudo?
1246 1201 1331 1241 ista
1361 1200 1514 1241 instru-

257 1263 402 1303 menta
434 1263 533 1302 sunt
562 1261 930 1315 parricidii„haec
962 1259 1144 1313 occasio,
1175 1258 1245 1299 hic
1275 1259 1404 1311 locus,
1433 1257 1514 1298 hoc

258 1322 437 1373 tempus.
481 1319 516 1359 si
543 1319 782 1360 abdicarem
808 1320 861 1373 te,
892 1318 1122 1359 moriturus
1147 1315 1294 1357 fuisti?
1325 1338 1373 1346 -—
1396 1329 1514 1357 reum

257 1377 473 1432 parricidii
505 1388 598 1430 ago.
653 1376 754 1431 quid
785 1377 978 1430 superest
1008 1375 1155 1429 igitur,
1193 1374 1276 1415 nisi
1305 1375 1355 1415 ut
1383 1371 1517 1415 vindi-

260 1437 432 1477 caturus
463 1434 594 1475 fueris
626 1449 730 1488 eam,
765 1448 890 1489 quam
922 1433 1121 1474 iniuriam
1150 1431 1363 1474 vocabas?

345 1492 486 1547 „Non,
518 1493 674 1546 inquit,
706 1491 876 1534 occidi.“
924 1491 1017 1532 Hoc
1048 1490 1216 1546 quidem
1251 1489 1331 1542 [in]
1364 1501 1516 1543 genere

258 1565 382 1592 nemo
414 1564 499 1591 non
531 1550 698 1591 defendi
722 1552 882 1605 potest,
913 1549 979 1591 cui
1003 1549 1200 1590 voluntas
1225 1546 1418 1601 paricidii
1444 1546 1515 1587 ob—

259 1609 396 1651 icitur.
425 1622 546 1662 „non,
566 1608 715 1662 inquit,
735 1606 905 1649 occidi.“
930 1606 1118 1660 <quid>‘?
1144 1606 1180 1647 si
1200 1605 1392 1659 dicerem,
1411 1603 1515 1645 diffi-

261 1666 382 1708 cilius
406 1666 579 1720 putasti,
604 1690 661 1695 —-
681 1666 839 1707 scelera
858 1665 1032 1718 propius
1053 1664 1224 1705 admota
1242 1663 1338 1716 plus
1358 1661 1518 1703 habent

259 1724 479 1766 horroris?
517 1723 553 1765 si
585 1723 785 1774 dicerem,
817 1721 986 1764 obstitit
1015 1721 1097 1762 tibi
1127 1721 1191 1762 vis
1222 1719 1443 1761 numinum
1475 1720 1517 1760 et

260 1782 390 1823 tacita
421 1781 625 1836 quaedam
655 1781 770 1822 illius
796 1779 1038 1822 solitudinis
1063 1777 1244 1832 religio‘?
1279 1790 1394 1819 nunc
1416 1790 1516 1818 vero

263 1839 535 1882 manifestum
574 1842 655 1890 est,
686 1854 759 1880 cur
794 1853 881 1880 non
913 1836 1132 1880 occideris:
1171 1835 1377 1877 distulisti
1407 1834 1518 1876 hunc

265 1898 466 1951 animum,
498 1897 595 1938 dum
626 1897 749 1938 heres
780 1897 914 1938 fieres.

359 2027 376 2057 1
403 2023 541 2068 poterit
563 2026 637 2066 AB,
663 2033 751 2058 corr.
777 2022 834 2057 Ro
865 2024 876 2068 Η
907 2021 969 2066 qui
994 2023 1023 2055 A
1042 2021 1053 2065 ΙΙ
1073 2025 1092 2055 3
1118 2020 1201 2055 vide
1225 2022 1294 2062 Aa,
1318 2015 1437 2053 videri
1461 2015 1519 2050 Ro

262 2081 325 2105 sec.
352 2070 414 2104 Bu
434 2070 444 2114 ΙΙ
464 2069 696 2105 solicitudine
721 2071 773 2103 Aa
796 2070 809 2114 11
834 2072 854 2103 5
880 2077 1080 2111 manusque
1105 2070 1134 2099 A
1153 2067 1164 2111 ΙΙ
1184 2070 1204 2100 6
1230 2064 1365 2100 sullata
1387 2065 1414 2096 Β
1433 2063 1445 2107 ΙΙ
1462 2073 1518 2096 ro-

263 2117 339 2161 gat,
364 2115 470 2151 dico?
497 2131 557 2151 --:
582 2116 694 2150 immo
719 2115 823 2150 iubet
846 2115 915 2150 Βοὴ
933 2116 946 2159 ΙΙ
966 2118 1006 2148 Ν
1034 2116 1063 2146 A
1081 2114 1093 2157 ΙΙ
1112 2115 1132 2146 8
1157 2112 1260 2148 videt
1283 2110 1370 2155 quia
1418 2120 1445 2144 r.
1471 2108 1518 2162 AM

264 2173 338 2198 occ.
364 2172 438 2197 non
463 2162 568 2197 dubit
591 2162 648 2197 uri
667 2164 719 2195 Aa.
737 2163 748 2206 ΙΙ
769 2165 812 2196 14
836 2160 948 2196 fuerit
965 2163 991 2193 B
1010 2161 1022 2205 ΙΙ
1040 2170 1164 2194 verum
1188 2161 1214 2191 P
1231 2159 1244 2202 ss
1264 2161 1306 2192 17
1330 2155 1396 2203 <ct
1447 2154 1495 2189 Pz
1510 2160 1517 2196 ἰ

264 2213 308 2244 23
335 2208 405 2255 [in]
434 2208 487 2244 Gr
510 2211 522 2254 ss
546 2213 590 2244 25
615 2207 757 2256 (quid)
782 2208 839 2243 Ro
862 2209 874 2253 11
893 2211 935 2242 27
965 2208 1004 2239 Ν
1032 2209 1062 2239 A
1080 2207 1091 2251 11
1110 2204 1255 2240 obsistit
1278 2206 1304 2237 B
1323 2204 1334 2247 ΙΙ
1353 2202 1408 2237 vis
1432 2212 1518 2236 non-

264 2255 403 2291 minum
429 2258 497 2300 Aa,
522 2256 578 2290 ius
602 2255 793 2290 minimum
818 2256 936 2299 1³11-28
960 2252 1062 2298 regio
1087 2255 1116 2285 A
