1604 2488
457 107 890 149 DECLAMATIONES.
917 110 1103 148 CCCXIH.
1335 109 1422 153 229

109 220 332 266 Δ1611310116
370 222 542 279 quidem
584 236 768 277 aequum
807 224 890 264 est:
933 221 1075 276 legem
1112 234 1214 263 vero
1246 222 1430 276 mutare,

132 285 184 326 ut
231 282 400 326 occidas
446 285 491 325 et
533 281 765 324 crudeliter
807 280 1087 336 interpretari
1125 280 1211 335 ius,
1255 279 1371 336 quod
1403 295 1430 322 a

135 341 468 399 magistratibus
507 341 716 397 scriptum
754 343 839 396 est,
877 340 998 383 cuius
1037 340 1172 382 animi
1210 339 1306 382 est?
1345 354 1428 397 ego

134 402 277 459 legem
314 401 456 444 habeo
495 401 701 444 adversus
741 373 839 443 euni
871 399 1043 442 demum
1077 400 1304 456 scriptam,
1342 399 1429 455 qui

137 461 389 505 detulerit
419 475 583 516 neque
616 459 954 502 damnaverit.
994 474 1083 502 non
1110 462 1293 515 scrutor,
1326 459 1428 515 quid

133 521 325 564 voluerit
356 521 504 577 legum
534 521 667 575 lator;
698 534 838 575 neque
869 519 986 562 enim
1016 533 1208 574 possum.
1242 533 1336 562 sera
1366 519 1429 562 in-

135 580 313 636 quisitio
339 581 385 623 in
417 579 655 636 praeterita
687 581 764 622 est.
812 578 856 621 id
890 579 981 621 sive
1013 579 1152 621 voluit
1185 593 1280 621 esse
1313 578 1430 634 quod

134 640 330 696 scripsit,
377 640 468 683 sive
507 639 623 682 aliud
660 638 824 695 aliquid
857 639 1085 695 cogitavit:
1123 638 1208 682 hoc
1241 638 1430 693 scripsit,

132 699 217 743 hoc
241 699 334 742 iure
365 699 566 755 vivimus,
597 698 680 742 hoc
713 698 939 754 spectavit.
999 698 1110 741 nihil
1148 698 1291 741 minus
1323 697 1430 740 ferri

135 762 309 815 oportet
351 759 398 801 in
443 759 636 813 civitate,
681 773 810 815 quam
847 762 898 800 ut
935 758 1006 801 lex
1043 758 1242 814 decipiat.
1304 757 1429 800 inno·

134 821 302 861 centem
336 819 551 862 accusavi:
596 818 702 861 satis
735 821 819 874 est,
868 818 979 873 quod
1014 817 1230 860 damnavi.
1290 831 1430 873 neque

138 878 252 921 enim
283 879 353 921 lex
383 879 510 932 i[s]ta
543 878 705 933 scripta
737 881 820 932 est,
852 880 912 933 ut,
945 878 1020 933 qui
1051 878 1328 920 innocentem
1361 891 1430 919 ac-

135 939 364 993 cusaverit,
395 938 569 993 capite
601 937 868 993 puniatur:
909 937 983 979 sed
1009 940 1059 979 ut
1082 937 1307 993 puniatur,
1345 936 1431 992 qui

135 997 466 1040 accusaverit
515 1011 606 1039 nec
651 996 988 1039 damnaverit.
1062 995 1278 1051 quomodo
1324 1009 1429 1052 ergo

134 1056 247 1099 nihil
272 1056 500 1113 prodesset
525 1055 780 1111 accusatori,
813 1056 851 1098 si
875 1070 963 1098 non
982 1056 1244 1111 damnasset,
1275 1058 1430 1111 postea

133 1119 364 1159 nocentem
408 1130 502 1158 esse
546 1118 815 1172 compertum
859 1129 975 1170 eum,
1020 1130 1147 1171 quem
1192 1115 1431 1158 accusavit:

135 1176 200 1218 ita
238 1175 296 1232 ei,
339 1175 415 1231 qui
457 1175 681 1218 fortunam
720 1175 952 1218 secundam
990 1175 1141 1218 iudicii
1177 1175 1298 1229 tulit,
1341 1189 1433 1217 non

141 1233 270 1277 debet
299 1249 471 1291 nocere,
505 1235 619 1291 quod
650 1238 806 1290 postea
837 1235 1006 1277 accidit.
1067 1235 1137 1276 lex
1167 1235 1302 1276 talem
1334 1248 1432 1277 con-

141 1293 356 1337 dicionem
386 1294 535 1336 iudicii
561 1294 678 1348 facit,
707 1293 755 1335 in
783 1309 867 1349 quo
894 1293 1039 1336 caedis
1066 1297 1296 1336 accusatur
1321 1308 1433 1349 reus,

138 1356 189 1396 ut
218 1353 369 1410 utique
403 1354 607 1396 adversus
640 1353 820 1396 alterum
852 1353 1175 1408 pronuntietur:
1208 1356 1284 1395 aut
1310 1367 1431 1395 reum

136 1412 333 1455 damnari
377 1415 550 1469 oportet
594 1416 670 1455 aut
714 1415 1024 1456 accusatorem.
1092 1417 1141 1455 tu
1187 1412 1292 1469 quid
1335 1413 1432 1455 vis?

133 1475 186 1514 ut
221 1475 404 1528 uterque
441 1472 690 1515 damnatus
711 1472 768 1514 sit
798 1473 896 1524 †an
932 1475 982 1514 ut
1019 1472 1137 1515 istud
1175 1486 1324 1515 verum
1363 1472 1434 1528 sit,

136 1534 186 1573 ut
218 1531 449 1575 damnatus
477 1532 534 1574 sit
565 1546 664 1574 reus
697 1533 742 1574 et
774 1531 1028 1574 accusator?
1059 1531 1170 1574 illud
1187 1534 1338 1574 tamen
1362 1532 1433 1574 lex

133 1591 318 1644 voluit†.
353 1591 556 1646 Transeo,
590 1591 704 1647 quod
735 1591 1031 1646 perniciosum
1063 1592 1121 1634 sit
1150 1591 1432 1648 interpretari

134 1651 277 1707 legem
322 1653 366 1693 et
403 1650 457 1693 ad
493 1651 671 1706 ingenia
708 1650 933 1706 utriusque
972 1652 1184 1705 converti3
1230 1651 1274 1693 id
1315 1651 1430 1707 quod

138 1710 348 1766 scriptum
386 1713 470 1766 est,
513 1725 567 1753 ne
607 1710 897 1765 dubitaretur,
942 1710 1120 1753 dubium
1162 1711 1273 1766 fieri,
1307 1714 1430 1767 post·

134 1783 266 1825 quam
311 1769 521 1826 scriptum
578 1773 654 1813 est.
731 1769 943 1813 descendo
990 1770 1043 1813 ad
1096 1771 1208 1814 hanc
1259 1785 1431 1826 quoque

132 1829 442 1872 contentionem
478 1828 585 1886 (non
627 1829 729 1885 quia
769 1843 945 1872 necesse
986 1833 1071 1885 est,
1108 1844 1189 1874 nec
1233 1831 1335 1886 quia
1376 1830 1430 1872 ad

134 1890 324 1931 vestram
362 1889 618 1946 religionem
653 1889 861 1944 pertinet,
898 1903 977 1932 nec
1021 1890 1123 1945 quia
1168 1890 1301 1933 solvit
1345 1890 1431 1932 ista

231 1984 251 2016 2
278 1980 525 2027 interpretare
551 1984 655 2015 B—I’
674 1983 685 2028 ss
705 1986 725 2017 6
754 1991 866 2017 saeva
891 1984 967 2024 ΔΒ,
994 1993 1085 2018 corr.
1115 1982 1170 2018 Gr
1188 1983 1200 2027 ss
1221 1987 1240 2018 7
1268 1983 1359 2027 quid
1383 1984 1430 2028 Bl

135 2032 155 2063 '¹1
182 2028 343 2064 viximus
368 2032 444 2073 ΔΒ,
471 2040 562 2064 corr.
593 2028 658 2064 Gr.
687 2030 747 2074 (cf.
773 2029 850 2064 ind.
877 2029 921 2074 I)
943 2031 953 2074 ΙΙ
972 2029 1053 2064 fieri
1082 2033 1134 2065 Aa
1152 2031 1165 2075 11
1192 2034 1234 2065 12
1261 2030 1429 2077 *i[s]tan

136 2079 181 2111 19
213 2078 407 2112 accusator
436 2057 469 2111 'A
500 2079 511 2122 ΙΙ
542 2076 636 2112 facit
667 2075 798 2111 iudicii
828 2079 882 2111 Aa
910 2078 923 2122 ΙΙ
953 2080 999 2112 20
1025 2078 1065 2112 et
1089 2078 1186 2122 utiq:
1213 2081 1240 2112 B
1272 2080 1284 2123 ss
1312 2078 1430 2114 alium

134 2125 218 2167 ΑΒ,
244 2134 337 2160 corr.
363 2124 419 2161 G'r
445 2125 456 2177 Ι]
481 2128 525 2159 21
553 2124 731 2159 damnare
755 2126 783 2158 Β
802 2125 815 2169 ΙΙ
841 2127 981 2160 22—23
1007 2126 1051 2160 ut
1074 2127 1126 2161 ut.
1156 2125 1189 2160 d.
1217 2125 1289 2161 sit?
1315 2137 1363 2161 an
1388 2128 1431 2161 ut

133 2169 157 2206 i.
184 2183 219 2208 v.
245 2184 272 2208 ε.
298 2184 334 2208 11.
362 2171 396 2207 d.
425 2171 475 2207 sit
499 2170 620 2220 (aut)
646 2183 730 2207 reus
757 2173 823 2207 aut
848 2174 1068 2208 accusator?
1095 2177 1156 2209 etc.
1183 2171 1339 2221 R01124
1365 2184 1429 2208 no-

134 2218 210 2254 luit
234 2218 337 2264 80111]
363 2223 409 2255 24
435 2219 509 2254 *tn
537 2230 660 2264 quam.
688 2230 789 2264 pern
817 2231 843 2254 s.
869 2219 921 2264 (ἓ)
955 2221 966 2265 ΙΙ
998 2222 1043 2255 25
1068 2220 1280 2275 utriusque]
1308 2221 1430 2257 cnius-

136 2275 294 2310 cmnque
307 2267 384 2303 Aer
403 2269 416 2312 ΙΙ
434 2271 480 2303 28
506 2266 755 2302 intentionem
774 2269 849 2310 ΔΒ,
877 2278 968 2303 corr.
986 2267 1052 2311 Gr,
1078 2267 1430 2314 interpretationem

134 2312 298 2348 incertus
323 2318 450 2350 auctor
476 2315 578 2360 apud
603 2314 678 2349 Aer

1456 765 1502 799 10

1457 1065 1502 1097 15

1458 1363 1505 1395 20

1457 1661 1502 1692 25
