<?xml version="1.0" encoding="UTF-8"?>
<!DOCTYPE html PUBLIC "-//W3C//DTD XHTML 1.0 Transitional//EN"
    "http://www.w3.org/TR/xhtml1/DTD/xhtml1-transitional.dtd">
<html xmlns="http://www.w3.org/1999/xhtml" xml:lang="en" lang="en">
 <head>
  <title>
</title>
<meta http-equiv="Content-Type" content="text/html;charset=utf-8" />
  <meta name='ocr-system' content='tesseract 3.04.00' />
  <meta name='ocr-capabilities' content='ocr_page ocr_carea ocr_par ocr_line ocrx_word'/>
</head>
<body>
  <div class='ocr_page' id='page_1' title='image "./declamationesqua00quinuoft_0252.png"; bbox 0 0 1604 2488; ppageno 0'>
   <div class='ocr_carea' id='block_1_1' title="bbox 235 112 1015 157">
    <p class='ocr_par' dir='ltr' id='par_1_1' title="bbox 235 112 1015 157">
     <span class='ocr_line' id='line_1_1' title="bbox 235 112 1015 157; baseline -0.005 -4"><span class='ocrx_word' id='word_1_1' title='bbox 235 112 320 153; x_wconf 80' lang='grc'>216</span> <span class='ocrx_word' id='word_1_2' title='bbox 715 114 1015 157; x_wconf 84' lang='lat' dir='ltr'><strong>QUINTILIANI</strong></span> 
     </span>
    </p>
   </div>
   <div class='ocr_carea' id='block_1_2' title="bbox 158 218 1489 1776">
    <p class='ocr_par' dir='ltr' id='par_1_2' title="bbox 158 218 1489 1776">
     <span class='ocr_line' id='line_1_2' title="bbox 234 218 1485 278; baseline 0.006 -19"><span class='ocrx_word' id='word_1_3' title='bbox 234 220 299 260; x_wconf 87' lang='lat' dir='ltr'>est</span> <span class='ocrx_word' id='word_1_4' title='bbox 328 218 409 260; x_wconf 89' lang='lat' dir='ltr'>hoc</span> <span class='ocrx_word' id='word_1_5' title='bbox 440 221 595 273; x_wconf 83' lang='lat' dir='ltr'>tamen,</span> <span class='ocrx_word' id='word_1_6' title='bbox 627 234 754 273; x_wconf 89' lang='lat' dir='ltr'>quam</span> <span class='ocrx_word' id='word_1_7' title='bbox 786 220 896 274; x_wconf 90' lang='lat' dir='ltr'>quod</span> <span class='ocrx_word' id='word_1_8' title='bbox 926 221 1060 276; x_wconf 88' lang='lat' dir='ltr'>rapui.</span> <span class='ocrx_word' id='word_1_9' title='bbox 1103 221 1313 278; x_wconf 79' lang='lat' dir='ltr'>Intellego</span> <span class='ocrx_word' id='word_1_10' title='bbox 1334 226 1485 276; x_wconf 87' lang='lat' dir='ltr'>autem,</span> 
     </span>
     <span class='ocr_line' id='line_1_3' title="bbox 233 276 1484 331; baseline 0.006 -14"><span class='ocrx_word' id='word_1_11' title='bbox 233 276 404 331; x_wconf 86' lang='lat' dir='ltr'>iudices,</span> <span class='ocrx_word' id='word_1_12' title='bbox 434 277 546 318; x_wconf 89' lang='lat' dir='ltr'>hanc</span> <span class='ocrx_word' id='word_1_13' title='bbox 577 278 758 331; x_wconf 84' lang='lat' dir='ltr'>primam</span> <span class='ocrx_word' id='word_1_14' title='bbox 789 278 895 318; x_wconf 90' lang='lat' dir='ltr'>mihi</span> <span class='ocrx_word' id='word_1_15' title='bbox 926 278 970 319; x_wconf 91' lang='lat' dir='ltr'>in</span> <span class='ocrx_word' id='word_1_16' title='bbox 994 278 1075 320; x_wconf 90' lang='lat' dir='ltr'>hac</span> <span class='ocrx_word' id='word_1_17' title='bbox 1100 294 1228 322; x_wconf 85' lang='lat' dir='ltr'>causa</span> <span class='ocrx_word' id='word_1_18' title='bbox 1247 280 1484 323; x_wconf 81' lang='lat' dir='ltr'>habendam</span> 
     </span>
     <span class='ocr_line' id='line_1_4' title="bbox 235 334 1484 391; baseline 0.005 -16"><span class='ocrx_word' id='word_1_19' title='bbox 235 348 325 375; x_wconf 88' lang='lat' dir='ltr'>esse</span> <span class='ocrx_word' id='word_1_20' title='bbox 357 334 586 389; x_wconf 87' lang='lat' dir='ltr'>rationem,</span> <span class='ocrx_word' id='word_1_21' title='bbox 617 350 669 376; x_wconf 89' lang='lat' dir='ltr'>ne</span> <span class='ocrx_word' id='word_1_22' title='bbox 702 349 781 389; x_wconf 84' lang='lat' dir='ltr'>me,</span> <span class='ocrx_word' id='word_1_23' title='bbox 813 336 923 389; x_wconf 87' lang='lat' dir='ltr'>quod</span> <span class='ocrx_word' id='word_1_24' title='bbox 953 337 1126 391; x_wconf 87' lang='lat' dir='ltr'>negavi,</span> <span class='ocrx_word' id='word_1_25' title='bbox 1156 337 1304 380; x_wconf 88' lang='lat' dir='ltr'>fecisse</span> <span class='ocrx_word' id='word_1_26' title='bbox 1336 339 1484 381; x_wconf 89' lang='lat' dir='ltr'>callide</span> 
     </span>
     <span class='ocr_line' id='line_1_5' title="bbox 234 392 1488 448; baseline 0.006 -16"><span class='ocrx_word' id='word_1_27' title='bbox 234 406 282 432; x_wconf 89' lang='lat' dir='ltr'>ac</span> <span class='ocrx_word' id='word_1_28' title='bbox 313 392 501 446; x_wconf 87' lang='lat' dir='ltr'>maligne</span> <span class='ocrx_word' id='word_1_29' title='bbox 534 393 798 434; x_wconf 86' lang='lat' dir='ltr'>existimetis.</span> <span class='ocrx_word' id='word_1_30' title='bbox 859 394 995 448; x_wconf 86' lang='lat' dir='ltr'>scitis,</span> <span class='ocrx_word' id='word_1_31' title='bbox 1036 409 1162 448; x_wconf 86' lang='lat' dir='ltr'>quam</span> <span class='ocrx_word' id='word_1_32' title='bbox 1192 396 1327 438; x_wconf 91' lang='lat' dir='ltr'>multa</span> <span class='ocrx_word' id='word_1_33' title='bbox 1355 397 1488 438; x_wconf 86' lang='lat' dir='ltr'>faciat</span> 
     </span>
     <span class='ocr_line' id='line_1_6' title="bbox 186 451 1487 509; baseline 0.005 -19"><span class='ocrx_word' id='word_1_34' title='bbox 186 460 206 490; x_wconf 84' lang='lat'>5</span> <span class='ocrx_word' id='word_1_35' title='bbox 234 463 370 504; x_wconf 83' lang='lat' dir='ltr'>error,</span> <span class='ocrx_word' id='word_1_36' title='bbox 408 465 535 504; x_wconf 89' lang='lat' dir='ltr'>quam</span> <span class='ocrx_word' id='word_1_37' title='bbox 565 451 702 492; x_wconf 91' lang='lat' dir='ltr'>multa</span> <span class='ocrx_word' id='word_1_38' title='bbox 733 451 988 505; x_wconf 88' lang='lat' dir='ltr'>permisceat</span> <span class='ocrx_word' id='word_1_39' title='bbox 1018 451 1206 508; x_wconf 89' lang='lat' dir='ltr'>fortuna,</span> <span class='ocrx_word' id='word_1_40' title='bbox 1246 467 1339 496; x_wconf 86' lang='lat' dir='ltr'>cum</span> <span class='ocrx_word' id='word_1_41' title='bbox 1369 469 1487 509; x_wconf 91' lang='lat' dir='ltr'>prae-</span> 
     </span>
     <span class='ocr_line' id='line_1_7' title="bbox 234 507 1485 562; baseline 0.004 -14"><span class='ocrx_word' id='word_1_42' title='bbox 234 507 380 549; x_wconf 90' lang='lat' dir='ltr'>sertim</span> <span class='ocrx_word' id='word_1_43' title='bbox 425 507 705 562; x_wconf 77' lang='lat' dir='ltr'>(accesserit)</span> <span class='ocrx_word' id='word_1_44' title='bbox 753 509 804 550; x_wconf 92' lang='lat' dir='ltr'>ad</span> <span class='ocrx_word' id='word_1_45' title='bbox 844 509 950 550; x_wconf 90' lang='lat' dir='ltr'>haec</span> <span class='ocrx_word' id='word_1_46' title='bbox 986 512 1028 550; x_wconf 86' lang='lat' dir='ltr'>et</span> <span class='ocrx_word' id='word_1_47' title='bbox 1071 509 1303 553; x_wconf 79' lang='lat' dir='ltr'><strong>obscuritas</strong></span> <span class='ocrx_word' id='word_1_48' title='bbox 1346 512 1485 553; x_wconf 85' lang='lat' dir='ltr'>noctis</span> 
     </span>
     <span class='ocr_line' id='line_1_8' title="bbox 233 566 1486 622; baseline 0.005 -17"><span class='ocrx_word' id='word_1_49' title='bbox 233 567 276 606; x_wconf 88' lang='lat' dir='ltr'>et</span> <span class='ocrx_word' id='word_1_50' title='bbox 301 566 475 619; x_wconf 90' lang='lat' dir='ltr'>paulum</span> <span class='ocrx_word' id='word_1_51' title='bbox 506 566 681 608; x_wconf 83' lang='lat' dir='ltr'>liberior</span> <span class='ocrx_word' id='word_1_52' title='bbox 710 580 809 609; x_wconf 74' lang='lat' dir='ltr'>usus</span> <span class='ocrx_word' id='word_1_53' title='bbox 841 567 958 608; x_wconf 89' lang='lat' dir='ltr'>meri.</span> <span class='ocrx_word' id='word_1_54' title='bbox 1007 567 1101 622; x_wconf 89' lang='lat' dir='ltr'>quis</span> <span class='ocrx_word' id='word_1_55' title='bbox 1133 568 1243 611; x_wconf 87' lang='lat' dir='ltr'>enim</span> <span class='ocrx_word' id='word_1_56' title='bbox 1274 569 1398 611; x_wconf 88' lang='lat' dir='ltr'>aliter</span> <span class='ocrx_word' id='word_1_57' title='bbox 1428 571 1486 611; x_wconf 91' lang='lat' dir='ltr'>vi-</span> 
     </span>
     <span class='ocr_line' id='line_1_9' title="bbox 231 622 1486 681; baseline 0.003 -17"><span class='ocrx_word' id='word_1_58' title='bbox 231 622 362 664; x_wconf 85' lang='lat' dir='ltr'>tiator</span> <span class='ocrx_word' id='word_1_59' title='bbox 400 624 493 665; x_wconf 78' lang='lat' dir='ltr'>est?</span> <span class='ocrx_word' id='word_1_60' title='bbox 544 625 806 679; x_wconf 73' lang='lat' dir='ltr'>ignorantem</span> <span class='ocrx_word' id='word_1_61' title='bbox 836 624 940 666; x_wconf 88' lang='lat' dir='ltr'>haec</span> <span class='ocrx_word' id='word_1_62' title='bbox 970 639 1056 679; x_wconf 90' lang='lat' dir='ltr'>me,</span> <span class='ocrx_word' id='word_1_63' title='bbox 1094 625 1276 679; x_wconf 87' lang='lat' dir='ltr'>a&lt;n&gt;tea</span> <span class='ocrx_word' id='word_1_64' title='bbox 1304 626 1419 681; x_wconf 86' lang='lat' dir='ltr'>frugi</span> <span class='ocrx_word' id='word_1_65' title='bbox 1443 630 1486 669; x_wconf 90' lang='lat' dir='ltr'>et</span> 
     </span>
     <span class='ocr_line' id='line_1_10' title="bbox 232 681 1487 738; baseline 0.003 -16"><span class='ocrx_word' id='word_1_66' title='bbox 232 681 513 735; x_wconf 84' lang='lat' dir='ltr'>innocentem,</span> <span class='ocrx_word' id='word_1_67' title='bbox 545 682 649 736; x_wconf 88' lang='lat' dir='ltr'>(non</span> <span class='ocrx_word' id='word_1_68' title='bbox 681 685 746 724; x_wconf 85' lang='lat' dir='ltr'>est</span> <span class='ocrx_word' id='word_1_69' title='bbox 778 682 972 724; x_wconf 89' lang='lat' dir='ltr'>dubitare</span> <span class='ocrx_word' id='word_1_70' title='bbox 1002 683 1087 724; x_wconf 87' lang='lat' dir='ltr'>iam</span> <span class='ocrx_word' id='word_1_71' title='bbox 1111 681 1196 738; x_wconf 88' lang='lat' dir='ltr'>fas)</span> <span class='ocrx_word' id='word_1_72' title='bbox 1227 683 1487 726; x_wconf 87' lang='lat' dir='ltr'>fefellerunt:</span> 
     </span>
     <span class='ocr_line' id='line_1_11' title="bbox 165 738 1489 794; baseline 0.005 -16"><span class='ocrx_word' id='word_1_73' title='bbox 165 749 208 779; x_wconf 87' lang='lat'>10</span> <span class='ocrx_word' id='word_1_74' title='bbox 233 738 295 779; x_wconf 89' lang='lat' dir='ltr'>ita</span> <span class='ocrx_word' id='word_1_75' title='bbox 337 739 525 781; x_wconf 81' lang='lat' dir='ltr'>vixeram</span> <span class='ocrx_word' id='word_1_76' title='bbox 558 754 740 794; x_wconf 82' lang='lat' dir='ltr'>semper,</span> <span class='ocrx_word' id='word_1_77' title='bbox 777 739 839 781; x_wconf 88' lang='lat' dir='ltr'>ita</span> <span class='ocrx_word' id='word_1_78' title='bbox 870 741 1080 782; x_wconf 88' lang='lat' dir='ltr'>custodire</span> <span class='ocrx_word' id='word_1_79' title='bbox 1110 741 1340 794; x_wconf 84' lang='lat' dir='ltr'>probitatis</span> <span class='ocrx_word' id='word_1_80' title='bbox 1370 756 1489 784; x_wconf 89' lang='lat' dir='ltr'>meae</span> 
     </span>
     <span class='ocr_line' id='line_1_12' title="bbox 235 796 1485 854; baseline 0.003 -17"><span class='ocrx_word' id='word_1_81' title='bbox 235 796 448 850; x_wconf 83' lang='lat' dir='ltr'>cupieram</span> <span class='ocrx_word' id='word_1_82' title='bbox 475 797 652 852; x_wconf 89' lang='lat' dir='ltr'>famam,</span> <span class='ocrx_word' id='word_1_83' title='bbox 689 800 736 839; x_wconf 92' lang='lat' dir='ltr'>ut</span> <span class='ocrx_word' id='word_1_84' title='bbox 766 812 834 839; x_wconf 88' lang='lat' dir='ltr'>me</span> <span class='ocrx_word' id='word_1_85' title='bbox 865 812 1064 852; x_wconf 82' lang='lat' dir='ltr'>peccasse</span> <span class='ocrx_word' id='word_1_86' title='bbox 1094 799 1283 840; x_wconf 88' lang='lat' dir='ltr'>mirarer.</span> <span class='ocrx_word' id='word_1_87' title='bbox 1341 799 1485 854; x_wconf 89' lang='lat' dir='ltr'>itaque</span> 
     </span>
     <span class='ocr_line' id='line_1_13' title="bbox 234 852 1487 910; baseline 0.003 -15"><span class='ocrx_word' id='word_1_88' title='bbox 234 852 475 910; x_wconf 84' lang='lat' dir='ltr'>(confiteor)</span> <span class='ocrx_word' id='word_1_89' title='bbox 512 857 650 897; x_wconf 85' lang='lat' dir='ltr'>actum</span> <span class='ocrx_word' id='word_1_90' title='bbox 690 856 739 897; x_wconf 90' lang='lat' dir='ltr'>de</span> <span class='ocrx_word' id='word_1_91' title='bbox 770 870 837 897; x_wconf 91' lang='lat' dir='ltr'>me</span> <span class='ocrx_word' id='word_1_92' title='bbox 870 859 980 910; x_wconf 90' lang='lat' dir='ltr'>erat,</span> <span class='ocrx_word' id='word_1_93' title='bbox 1018 856 1054 898; x_wconf 91' lang='lat' dir='ltr'>si</span> <span class='ocrx_word' id='word_1_94' title='bbox 1084 856 1130 897; x_wconf 88' lang='lat' dir='ltr'>in</span> <span class='ocrx_word' id='word_1_95' title='bbox 1160 856 1290 898; x_wconf 82' lang='lat' dir='ltr'>aliam</span> <span class='ocrx_word' id='word_1_96' title='bbox 1320 857 1487 899; x_wconf 86' lang='lat' dir='ltr'>incidis·</span> 
     </span>
     <span class='ocr_line' id='line_1_14' title="bbox 233 912 1487 969; baseline 0.003 -16"><span class='ocrx_word' id='word_1_97' title='bbox 233 926 334 953; x_wconf 89' lang='lat' dir='ltr'>sem.</span> <span class='ocrx_word' id='word_1_98' title='bbox 394 927 493 954; x_wconf 88' lang='lat' dir='ltr'>nam</span> <span class='ocrx_word' id='word_1_99' title='bbox 526 912 592 968; x_wconf 88' lang='lat' dir='ltr'>(ut</span> <span class='ocrx_word' id='word_1_100' title='bbox 624 912 728 969; x_wconf 86' lang='lat' dir='ltr'>dixi)</span> <span class='ocrx_word' id='word_1_101' title='bbox 763 928 898 968; x_wconf 89' lang='lat' dir='ltr'>neque</span> <span class='ocrx_word' id='word_1_102' title='bbox 931 914 983 955; x_wconf 89' lang='lat' dir='ltr'>ad</span> <span class='ocrx_word' id='word_1_103' title='bbox 1014 927 1151 969; x_wconf 89' lang='lat' dir='ltr'>genua</span> <span class='ocrx_word' id='word_1_104' title='bbox 1180 914 1487 968; x_wconf 88' lang='lat' dir='ltr'>procubueram</span> 
     </span>
     <span class='ocr_line' id='line_1_15' title="bbox 231 971 1486 1025; baseline 0.003 -15"><span class='ocrx_word' id='word_1_105' title='bbox 231 983 366 1024; x_wconf 85' lang='lat' dir='ltr'>neque</span> <span class='ocrx_word' id='word_1_106' title='bbox 409 971 671 1025; x_wconf 87' lang='lat' dir='ltr'>propinquos</span> <span class='ocrx_word' id='word_1_107' title='bbox 715 974 789 1012; x_wconf 83' lang='lat' dir='ltr'>aut</span> <span class='ocrx_word' id='word_1_108' title='bbox 831 971 990 1012; x_wconf 87' lang='lat' dir='ltr'>amicos</span> <span class='ocrx_word' id='word_1_109' title='bbox 1034 972 1346 1014; x_wconf 82' lang='lat' dir='ltr'>advocaveram.</span> <span class='ocrx_word' id='word_1_110' title='bbox 1414 972 1486 1014; x_wconf 85' lang='lat' dir='ltr'>sed</span> 
     </span>
     <span class='ocr_line' id='line_1_16' title="bbox 163 1027 1488 1083; baseline 0.002 -15"><span class='ocrx_word' id='word_1_111' title='bbox 163 1037 204 1068; x_wconf 84' lang='lat'>15</span> <span class='ocrx_word' id='word_1_112' title='bbox 230 1028 365 1069; x_wconf 88' lang='lat' dir='ltr'>movit</span> <span class='ocrx_word' id='word_1_113' title='bbox 401 1029 588 1082; x_wconf 89' lang='lat' dir='ltr'>puellam</span> <span class='ocrx_word' id='word_1_114' title='bbox 627 1029 767 1082; x_wconf 91' lang='lat' dir='ltr'>ipsum</span> <span class='ocrx_word' id='word_1_115' title='bbox 801 1027 865 1083; x_wconf 89' lang='lat' dir='ltr'>(ut</span> <span class='ocrx_word' id='word_1_116' title='bbox 896 1028 1037 1082; x_wconf 84' lang='lat' dir='ltr'>credo)</span> <span class='ocrx_word' id='word_1_117' title='bbox 1069 1029 1337 1083; x_wconf 83' lang='lat' dir='ltr'>ignorantiae</span> <span class='ocrx_word' id='word_1_118' title='bbox 1369 1044 1488 1072; x_wconf 88' lang='lat' dir='ltr'>meae</span> 
     </span>
     <span class='ocr_line' id='line_1_17' title="bbox 231 1085 1486 1141; baseline 0.002 -15"><span class='ocrx_word' id='word_1_119' title='bbox 231 1085 483 1139; x_wconf 82' lang='lat' dir='ltr'>periculum3</span> <span class='ocrx_word' id='word_1_120' title='bbox 515 1089 783 1140; x_wconf 75' lang='lat' dir='ltr'>persuaserat</span> <span class='ocrx_word' id='word_1_121' title='bbox 815 1087 909 1141; x_wconf 88' lang='lat' dir='ltr'>sibi,</span> <span class='ocrx_word' id='word_1_122' title='bbox 940 1087 1047 1127; x_wconf 90' lang='lat' dir='ltr'>nihil</span> <span class='ocrx_word' id='word_1_123' title='bbox 1078 1101 1145 1128; x_wconf 89' lang='lat' dir='ltr'>me</span> <span class='ocrx_word' id='word_1_124' title='bbox 1175 1086 1326 1129; x_wconf 86' lang='lat' dir='ltr'>fecisse</span> <span class='ocrx_word' id='word_1_125' title='bbox 1357 1090 1486 1130; x_wconf 89' lang='lat' dir='ltr'>teme-</span> 
     </span>
     <span class='ocr_line' id='line_1_18' title="bbox 231 1143 1487 1187; baseline 0.003 -4"><span class='ocrx_word' id='word_1_126' title='bbox 231 1143 369 1184; x_wconf 89' lang='lat' dir='ltr'>rariae</span> <span class='ocrx_word' id='word_1_127' title='bbox 409 1144 601 1185; x_wconf 87' lang='lat' dir='ltr'>libidinis</span> <span class='ocrx_word' id='word_1_128' title='bbox 640 1159 778 1185; x_wconf 87' lang='lat' dir='ltr'>causa.</span> <span class='ocrx_word' id='word_1_129' title='bbox 845 1159 922 1186; x_wconf 88' lang='lat' dir='ltr'>nec</span> <span class='ocrx_word' id='word_1_130' title='bbox 959 1159 1025 1185; x_wconf 89' lang='lat' dir='ltr'>me</span> <span class='ocrx_word' id='word_1_131' title='bbox 1068 1145 1180 1186; x_wconf 91' lang='lat' dir='ltr'>malo</span> <span class='ocrx_word' id='word_1_132' title='bbox 1223 1145 1303 1187; x_wconf 88' lang='lat' dir='ltr'>hoe</span> <span class='ocrx_word' id='word_1_133' title='bbox 1346 1146 1487 1187; x_wconf 88' lang='lat' dir='ltr'>animo</span> 
     </span>
     <span class='ocr_line' id='line_1_19' title="bbox 230 1202 1487 1258; baseline 0.002 -17"><span class='ocrx_word' id='word_1_134' title='bbox 230 1213 425 1254; x_wconf 78' lang='lat' dir='ltr'>negasse,</span> <span class='ocrx_word' id='word_1_135' title='bbox 458 1216 507 1242; x_wconf 90' lang='lat' dir='ltr'>ex</span> <span class='ocrx_word' id='word_1_136' title='bbox 532 1202 613 1243; x_wconf 88' lang='lat' dir='ltr'>hoc</span> <span class='ocrx_word' id='word_1_137' title='bbox 637 1202 731 1255; x_wconf 90' lang='lat' dir='ltr'>ipso</span> <span class='ocrx_word' id='word_1_138' title='bbox 758 1216 961 1256; x_wconf 89' lang='lat' dir='ltr'>apparere</span> <span class='ocrx_word' id='word_1_139' title='bbox 986 1202 1108 1243; x_wconf 91' lang='lat' dir='ltr'>vobis</span> <span class='ocrx_word' id='word_1_140' title='bbox 1133 1204 1295 1255; x_wconf 86' lang='lat' dir='ltr'>potest:</span> <span class='ocrx_word' id='word_1_141' title='bbox 1324 1204 1487 1258; x_wconf 88' lang='lat' dir='ltr'>negavi,</span> 
     </span>
     <span class='ocr_line' id='line_1_20' title="bbox 231 1259 1488 1315; baseline 0.002 -15"><span class='ocrx_word' id='word_1_142' title='bbox 231 1260 461 1312; x_wconf 85' lang='lat' dir='ltr'>postquam</span> <span class='ocrx_word' id='word_1_143' title='bbox 511 1259 596 1301; x_wconf 91' lang='lat' dir='ltr'>ista</span> <span class='ocrx_word' id='word_1_144' title='bbox 644 1259 817 1313; x_wconf 88' lang='lat' dir='ltr'>nuptias</span> <span class='ocrx_word' id='word_1_145' title='bbox 867 1259 1043 1314; x_wconf 87' lang='lat' dir='ltr'>optavit.</span> <span class='ocrx_word' id='word_1_146' title='bbox 1115 1259 1275 1314; x_wconf 78' lang='lat' dir='ltr'>gratias</span> <span class='ocrx_word' id='word_1_147' title='bbox 1320 1274 1400 1315; x_wconf 88' lang='lat' dir='ltr'>ago</span> <span class='ocrx_word' id='word_1_148' title='bbox 1446 1264 1488 1302; x_wconf 85' lang='lat' dir='ltr'>et</span> 
     </span>
     <span class='ocr_line' id='line_1_21' title="bbox 165 1315 1487 1360; baseline 0.002 -3"><span class='ocrx_word' id='word_1_149' title='bbox 165 1326 209 1356; x_wconf 82' lang='lat'>20</span> <span class='ocrx_word' id='word_1_150' title='bbox 234 1315 462 1358; x_wconf 85' lang='lat' dir='ltr'>iudicibus:</span> <span class='ocrx_word' id='word_1_151' title='bbox 508 1317 838 1359; x_wconf 87' lang='lat' dir='ltr'>emendaverunt</span> <span class='ocrx_word' id='word_1_152' title='bbox 874 1317 1163 1359; x_wconf 67' lang='lat' dir='ltr'>contumaciae</span> <span class='ocrx_word' id='word_1_153' title='bbox 1200 1332 1318 1360; x_wconf 86' lang='lat' dir='ltr'>meae</span> <span class='ocrx_word' id='word_1_154' title='bbox 1362 1318 1487 1360; x_wconf 84' lang='lat' dir='ltr'>detri-</span> 
     </span>
     <span class='ocr_line' id='line_1_22' title="bbox 234 1375 1488 1430; baseline 0.002 -14"><span class='ocrx_word' id='word_1_155' title='bbox 234 1377 443 1416; x_wconf 83' lang='lat' dir='ltr'>mentum:</span> <span class='ocrx_word' id='word_1_156' title='bbox 487 1375 711 1417; x_wconf 87' lang='lat' dir='ltr'>amiseram</span> <span class='ocrx_word' id='word_1_157' title='bbox 753 1375 919 1429; x_wconf 90' lang='lat' dir='ltr'>puellae</span> <span class='ocrx_word' id='word_1_158' title='bbox 963 1375 1151 1429; x_wconf 87' lang='lat' dir='ltr'>optimae</span> <span class='ocrx_word' id='word_1_159' title='bbox 1188 1375 1488 1430; x_wconf 78' lang='lat' dir='ltr'>condicionem,</span> 
     </span>
     <span class='ocr_line' id='line_1_23' title="bbox 233 1431 1354 1488; baseline 0.002 -15"><span class='ocrx_word' id='word_1_160' title='bbox 233 1431 268 1472; x_wconf 87' lang='lat' dir='ltr'>si</span> <span class='ocrx_word' id='word_1_161' title='bbox 300 1432 507 1475; x_wconf 87' lang='lat' dir='ltr'>vicissem.</span> <span class='ocrx_word' id='word_1_162' title='bbox 558 1446 671 1488; x_wconf 87' lang='lat' dir='ltr'>ergo,</span> <span class='ocrx_word' id='word_1_163' title='bbox 703 1433 814 1487; x_wconf 89' lang='lat' dir='ltr'>quod</span> <span class='ocrx_word' id='word_1_164' title='bbox 846 1435 1048 1488; x_wconf 85' lang='lat' dir='ltr'>superest,</span> <span class='ocrx_word' id='word_1_165' title='bbox 1079 1434 1354 1488; x_wconf 83' lang='lat' dir='ltr'>gratulemur.</span> 
     </span>
     <span class='ocr_line' id='line_1_24' title="bbox 316 1489 1487 1546; baseline 0.002 -15"><span class='ocrx_word' id='word_1_166' title='bbox 316 1489 388 1532; x_wconf 90' lang='lat' dir='ltr'>Ius</span> <span class='ocrx_word' id='word_1_167' title='bbox 421 1505 510 1532; x_wconf 89' lang='lat' dir='ltr'>esse</span> <span class='ocrx_word' id='word_1_168' title='bbox 543 1494 692 1545; x_wconf 84' lang='lat' dir='ltr'>raptae</span> <span class='ocrx_word' id='word_1_169' title='bbox 722 1491 896 1545; x_wconf 88' lang='lat' dir='ltr'>optandi</span> <span class='ocrx_word' id='word_1_170' title='bbox 923 1491 1123 1533; x_wconf 88' lang='lat' dir='ltr'>adversus</span> <span class='ocrx_word' id='word_1_171' title='bbox 1147 1494 1377 1546; x_wconf 87' lang='lat' dir='ltr'>raptorem,</span> <span class='ocrx_word' id='word_1_172' title='bbox 1405 1491 1487 1533; x_wconf 89' lang='lat' dir='ltr'>hoc</span> 
     </span>
     <span class='ocr_line' id='line_1_25' title="bbox 230 1547 1486 1603; baseline 0.002 -16"><span class='ocrx_word' id='word_1_173' title='bbox 230 1547 316 1587; x_wconf 85' lang='lat' dir='ltr'>iam</span> <span class='ocrx_word' id='word_1_174' title='bbox 334 1562 420 1590; x_wconf 89' lang='lat' dir='ltr'>non</span> <span class='ocrx_word' id='word_1_175' title='bbox 438 1562 666 1603; x_wconf 88' lang='lat' dir='ltr'>negamus:</span> <span class='ocrx_word' id='word_1_176' title='bbox 693 1548 766 1590; x_wconf 90' lang='lat' dir='ltr'>sed</span> <span class='ocrx_word' id='word_1_177' title='bbox 791 1549 896 1590; x_wconf 91' lang='lat' dir='ltr'>illud</span> <span class='ocrx_word' id='word_1_178' title='bbox 921 1563 1088 1603; x_wconf 87' lang='lat' dir='ltr'>quoque</span> <span class='ocrx_word' id='word_1_179' title='bbox 1114 1563 1243 1603; x_wconf 89' lang='lat' dir='ltr'>aeque</span> <span class='ocrx_word' id='word_1_180' title='bbox 1264 1549 1486 1592; x_wconf 86' lang='lat' dir='ltr'>conveniat</span> 
     </span>
     <span class='ocr_line' id='line_1_26' title="bbox 158 1606 1488 1662; baseline 0.002 -17"><span class='ocrx_word' id='word_1_181' title='bbox 158 1614 202 1645; x_wconf 85' lang='lat'>25</span> <span class='ocrx_word' id='word_1_182' title='bbox 228 1618 401 1647; x_wconf 80' lang='lat' dir='ltr'>necesse</span> <span class='ocrx_word' id='word_1_183' title='bbox 433 1608 508 1660; x_wconf 90' lang='lat' dir='ltr'>est,</span> <span class='ocrx_word' id='word_1_184' title='bbox 539 1607 604 1648; x_wconf 91' lang='lat' dir='ltr'>bis</span> <span class='ocrx_word' id='word_1_185' title='bbox 636 1606 838 1648; x_wconf 87' lang='lat' dir='ltr'>adversus</span> <span class='ocrx_word' id='word_1_186' title='bbox 870 1607 1047 1648; x_wconf 88' lang='lat' dir='ltr'>eundem</span> <span class='ocrx_word' id='word_1_187' title='bbox 1072 1610 1289 1661; x_wconf 89' lang='lat' dir='ltr'>raptorem</span> <span class='ocrx_word' id='word_1_188' title='bbox 1314 1607 1488 1662; x_wconf 87' lang='lat' dir='ltr'>optandi</span> 
     </span>
     <span class='ocr_line' id='line_1_27' title="bbox 227 1663 1484 1718; baseline 0.002 -15"><span class='ocrx_word' id='word_1_189' title='bbox 227 1676 314 1704; x_wconf 86' lang='lat' dir='ltr'>non</span> <span class='ocrx_word' id='word_1_190' title='bbox 351 1677 443 1705; x_wconf 86' lang='lat' dir='ltr'>esse</span> <span class='ocrx_word' id='word_1_191' title='bbox 482 1664 559 1705; x_wconf 91' lang='lat' dir='ltr'>ius.</span> <span class='ocrx_word' id='word_1_192' title='bbox 616 1666 658 1706; x_wconf 84' lang='lat' dir='ltr'>et</span> <span class='ocrx_word' id='word_1_193' title='bbox 694 1664 731 1705; x_wconf 91' lang='lat' dir='ltr'>si</span> <span class='ocrx_word' id='word_1_194' title='bbox 767 1664 848 1706; x_wconf 90' lang='lat' dir='ltr'>hoc</span> <span class='ocrx_word' id='word_1_195' title='bbox 889 1665 934 1705; x_wconf 90' lang='lat' dir='ltr'>in</span> <span class='ocrx_word' id='word_1_196' title='bbox 970 1663 1162 1706; x_wconf 87' lang='lat' dir='ltr'>confesso</span> <span class='ocrx_word' id='word_1_197' title='bbox 1203 1664 1343 1718; x_wconf 86' lang='lat' dir='ltr'>fuerit,</span> <span class='ocrx_word' id='word_1_198' title='bbox 1379 1664 1484 1706; x_wconf 90' lang='lat' dir='ltr'>illud</span> 
     </span>
     <span class='ocr_line' id='line_1_28' title="bbox 228 1722 1206 1776; baseline 0 -14"><span class='ocrx_word' id='word_1_199' title='bbox 228 1734 392 1775; x_wconf 89' lang='lat' dir='ltr'>quoque</span> <span class='ocrx_word' id='word_1_200' title='bbox 424 1723 656 1775; x_wconf 88' lang='lat' dir='ltr'>teneamus,</span> <span class='ocrx_word' id='word_1_201' title='bbox 688 1723 859 1776; x_wconf 84' lang='lat' dir='ltr'>optasse</span> <span class='ocrx_word' id='word_1_202' title='bbox 889 1722 976 1763; x_wconf 89' lang='lat' dir='ltr'>iam</span> <span class='ocrx_word' id='word_1_203' title='bbox 1007 1722 1206 1776; x_wconf 90' lang='lat' dir='ltr'>puellam.</span> 
     </span>
    </p>
   </div>
   <div class='ocr_carea' id='block_1_3' title="bbox 199 1856 1488 2180">
    <p class='ocr_par' dir='ltr' id='par_1_3' title="bbox 319 1856 1485 1903">
     <span class='ocr_line' id='line_1_29' title="bbox 319 1856 1485 1903; baseline 0 -11"><span class='ocrx_word' id='word_1_204' title='bbox 319 1861 340 1892; x_wconf 84' lang='lat'>2</span> <span class='ocrx_word' id='word_1_205' title='bbox 365 1856 542 1892; x_wconf 86' lang='lat' dir='ltr'>iudicium</span> <span class='ocrx_word' id='word_1_206' title='bbox 567 1860 597 1891; x_wconf 85' lang='grc' dir='ltr'><strong>Δ</strong></span> <span class='ocrx_word' id='word_1_207' title='bbox 632 1859 644 1903; x_wconf 77' lang='grc' dir='ltr'>ΙΙ</span> <span class='ocrx_word' id='word_1_208' title='bbox 679 1861 770 1892; x_wconf 80' lang='grc'>4-5</span> <span class='ocrx_word' id='word_1_209' title='bbox 795 1857 910 1893; x_wconf 85' lang='lat' dir='ltr'>faciat</span> <span class='ocrx_word' id='word_1_210' title='bbox 934 1868 965 1892; x_wconf 90' lang='lat' dir='ltr'>e.</span> <span class='ocrx_word' id='word_1_211' title='bbox 990 1869 1024 1902; x_wconf 93' lang='lat' dir='ltr'>q.</span> <span class='ocrx_word' id='word_1_212' title='bbox 1051 1858 1169 1892; x_wconf 84' lang='lat' dir='ltr'>multa</span> <span class='ocrx_word' id='word_1_213' title='bbox 1192 1868 1257 1893; x_wconf 88' lang='lat' dir='ltr'>om.</span> <span class='ocrx_word' id='word_1_214' title='bbox 1282 1860 1308 1891; x_wconf 99' lang='grc' dir='ltr'><strong><em>Β</em></strong></span> <span class='ocrx_word' id='word_1_215' title='bbox 1345 1857 1356 1902; x_wconf 91' lang='grc' dir='ltr'>ΙΙ</span> <span class='ocrx_word' id='word_1_216' title='bbox 1392 1861 1485 1892; x_wconf 84' lang='grc'>5-6</span> 
     </span>
    </p>

    <p class='ocr_par' dir='ltr' id='par_1_4' title="bbox 230 1903 1487 1951">
     <span class='ocr_line' id='line_1_30' title="bbox 230 1903 1487 1951; baseline 0.002 -13"><span class='ocrx_word' id='word_1_217' title='bbox 230 1914 313 1938; x_wconf 86' lang='lat' dir='ltr'>cum</span> <span class='ocrx_word' id='word_1_218' title='bbox 338 1915 392 1948; x_wconf 87' lang='lat' dir='ltr'>pr.</span> <span class='ocrx_word' id='word_1_219' title='bbox 418 1904 466 1939; x_wconf 90' lang='lat' dir='ltr'>ad</span> <span class='ocrx_word' id='word_1_220' title='bbox 490 1903 582 1939; x_wconf 88' lang='lat' dir='ltr'>haec</span> <span class='ocrx_word' id='word_1_221' title='bbox 609 1906 646 1939; x_wconf 84' lang='lat' dir='ltr'>et</span> <span class='ocrx_word' id='word_1_222' title='bbox 669 1906 754 1947; x_wconf 83' lang='grc' dir='ltr'>ΔΒ,</span> <span class='ocrx_word' id='word_1_223' title='bbox 780 1915 810 1940; x_wconf 83' lang='lat' dir='ltr'>c.</span> <span class='ocrx_word' id='word_1_224' title='bbox 835 1915 887 1948; x_wconf 85' lang='lat' dir='ltr'>pr.</span> <span class='ocrx_word' id='word_1_225' title='bbox 915 1904 961 1938; x_wconf 86' lang='lat' dir='ltr'>ad</span> <span class='ocrx_word' id='word_1_226' title='bbox 986 1904 1078 1939; x_wconf 86' lang='lat' dir='ltr'>haec</span> <span class='ocrx_word' id='word_1_227' title='bbox 1102 1903 1310 1951; x_wconf 80' lang='lat' dir='ltr'>(accessit)</span> <span class='ocrx_word' id='word_1_228' title='bbox 1334 1904 1424 1947; x_wconf 79' lang='lat' dir='ltr'>Aer,</span> <span class='ocrx_word' id='word_1_229' title='bbox 1457 1916 1487 1940; x_wconf 84' lang='lat' dir='ltr'>o.</span> 
     </span>
    </p>

    <p class='ocr_par' dir='ltr' id='par_1_5' title="bbox 227 1949 1485 1996">
     <span class='ocr_line' id='line_1_31' title="bbox 227 1949 1485 1996; baseline 0 -12"><span class='ocrx_word' id='word_1_230' title='bbox 227 1961 280 1994; x_wconf 88' lang='lat' dir='ltr'>pr.</span> <span class='ocrx_word' id='word_1_231' title='bbox 309 1950 508 1985; x_wconf 85' lang='lat' dir='ltr'>accesserit</span> <span class='ocrx_word' id='word_1_232' title='bbox 533 1951 571 1985; x_wconf 90' lang='lat' dir='ltr'>et</span> <span class='ocrx_word' id='word_1_233' title='bbox 595 1950 693 1985; x_wconf 85' lang='lat' dir='ltr'>obse.</span> <span class='ocrx_word' id='word_1_234' title='bbox 719 1949 781 1985; x_wconf 79' lang='lat' dir='ltr'>Bu</span> <span class='ocrx_word' id='word_1_235' title='bbox 799 1950 811 1996; x_wconf 92' lang='grc' dir='ltr'>ΙΙ</span> <span class='ocrx_word' id='word_1_236' title='bbox 831 1955 850 1986; x_wconf 85' lang='grc'><strong>7</strong></span> <span class='ocrx_word' id='word_1_237' title='bbox 874 1950 987 1995; x_wconf 89' lang='lat' dir='ltr'>paulo</span> <span class='ocrx_word' id='word_1_238' title='bbox 1012 1953 1038 1984; x_wconf 87' lang='lat' dir='ltr'>B</span> <span class='ocrx_word' id='word_1_239' title='bbox 1057 1949 1267 1996; x_wconf 65' lang='lat' dir='ltr'>”liberioris</span> <span class='ocrx_word' id='word_1_240' title='bbox 1292 1953 1370 1994; x_wconf 79' lang='lat' dir='ltr'>AB,</span> <span class='ocrx_word' id='word_1_241' title='bbox 1396 1961 1485 1986; x_wconf 84' lang='lat' dir='ltr'>corr.</span> 
     </span>
    </p>

    <p class='ocr_par' dir='ltr' id='par_1_6' title="bbox 199 1995 1488 2042">
     <span class='ocr_line' id='line_1_32' title="bbox 199 1995 1488 2042; baseline 0 -11"><span class='ocrx_word' id='word_1_242' title='bbox 199 2018 200 2021; x_wconf 60' lang='lat'><em>=</em></span> <span class='ocrx_word' id='word_1_243' title='bbox 225 1995 283 2032; x_wconf 83' lang='lat' dir='ltr'>Ro</span> <span class='ocrx_word' id='word_1_244' title='bbox 310 1997 322 2042; x_wconf 87' lang='grc' dir='ltr'>ΙΙ</span> <span class='ocrx_word' id='word_1_245' title='bbox 346 1995 441 2031; x_wconf 84' lang='lat' dir='ltr'>alter</span> <span class='ocrx_word' id='word_1_246' title='bbox 464 1999 491 2030; x_wconf 85' lang='lat' dir='ltr'>B</span> <span class='ocrx_word' id='word_1_247' title='bbox 547 1999 567 2031; x_wconf 87' lang='grc'>8</span> <span class='ocrx_word' id='word_1_248' title='bbox 593 1996 803 2042; x_wconf 86' lang='lat' dir='ltr'>ignorantia</span> <span class='ocrx_word' id='word_1_249' title='bbox 827 1999 904 2041; x_wconf 81' lang='grc' dir='ltr'>ΔΒ,</span> <span class='ocrx_word' id='word_1_250' title='bbox 930 2007 1020 2032; x_wconf 79' lang='lat' dir='ltr'>corr.</span> <span class='ocrx_word' id='word_1_251' title='bbox 1045 1997 1102 2032; x_wconf 86' lang='lat' dir='ltr'>Ro</span> <span class='ocrx_word' id='word_1_252' title='bbox 1120 1997 1131 2041; x_wconf 90' lang='grc' dir='ltr'>ΙΙ</span> <span class='ocrx_word' id='word_1_253' title='bbox 1149 2006 1207 2031; x_wconf 83' lang='grc'>1116</span> <span class='ocrx_word' id='word_1_254' title='bbox 1233 1997 1317 2042; x_wconf 79' lang='lat' dir='ltr'>atea</span> <span class='ocrx_word' id='word_1_255' title='bbox 1340 1999 1380 2040; x_wconf 79' lang='grc' dir='ltr'>Δ,</span> <span class='ocrx_word' id='word_1_256' title='bbox 1405 2007 1488 2031; x_wconf 87' lang='lat' dir='ltr'>mea</span> 
     </span>
    </p>

    <p class='ocr_par' dir='ltr' id='par_1_7' title="bbox 225 2042 1485 2088">
     <span class='ocr_line' id='line_1_33' title="bbox 225 2042 1485 2088; baseline -0.002 -10"><span class='ocrx_word' id='word_1_257' title='bbox 225 2044 288 2078; x_wconf 82' lang='lat' dir='ltr'>tea</span> <span class='ocrx_word' id='word_1_258' title='bbox 310 2045 349 2087; x_wconf 85' lang='lat' dir='ltr'>B,</span> <span class='ocrx_word' id='word_1_259' title='bbox 377 2053 466 2078; x_wconf 79' lang='lat' dir='ltr'>corr.</span> <span class='ocrx_word' id='word_1_260' title='bbox 531 2054 551 2077; x_wconf 89' lang='lat' dir='ltr'>o</span> <span class='ocrx_word' id='word_1_261' title='bbox 576 2046 608 2078; x_wconf 82' lang='lat' dir='ltr'>et</span> <span class='ocrx_word' id='word_1_262' title='bbox 632 2043 684 2078; x_wconf 82' lang='lat' dir='ltr'>Ri</span> <span class='ocrx_word' id='word_1_263' title='bbox 701 2044 713 2088; x_wconf 89' lang='grc' dir='ltr'>ΙΙ</span> <span class='ocrx_word' id='word_1_264' title='bbox 734 2047 776 2078; x_wconf 89' lang='grc'>16</span> <span class='ocrx_word' id='word_1_265' title='bbox 801 2043 1045 2088; x_wconf 86' lang='lat' dir='ltr'>temporariae</span> <span class='ocrx_word' id='word_1_266' title='bbox 1070 2042 1117 2087; x_wconf 70' lang='grc' dir='ltr'>(ἓ)</span> <span class='ocrx_word' id='word_1_267' title='bbox 1141 2043 1199 2078; x_wconf 88' lang='lat' dir='ltr'>Ro</span> <span class='ocrx_word' id='word_1_268' title='bbox 1217 2044 1229 2088; x_wconf 71' lang='lat' dir='ltr'>n</span> <span class='ocrx_word' id='word_1_269' title='bbox 1248 2046 1291 2078; x_wconf 84' lang='lat'>18</span> <span class='ocrx_word' id='word_1_270' title='bbox 1316 2042 1395 2087; x_wconf 81' lang='lat' dir='ltr'>ipso</span> <span class='ocrx_word' id='word_1_271' title='bbox 1420 2052 1485 2077; x_wconf 89' lang='lat' dir='ltr'>om.</span> 
     </span>
    </p>

    <p class='ocr_par' dir='ltr' id='par_1_8' title="bbox 224 2088 1483 2180">
     <span class='ocr_line' id='line_1_34' title="bbox 224 2088 1483 2134; baseline 0 -12"><span class='ocrx_word' id='word_1_272' title='bbox 224 2090 349 2134; x_wconf 71' lang='lat' dir='ltr'>A1124</span> <span class='ocrx_word' id='word_1_273' title='bbox 374 2090 439 2123; x_wconf 87' lang='lat' dir='ltr'>sed</span> <span class='ocrx_word' id='word_1_274' title='bbox 463 2090 486 2124; x_wconf 87' lang='lat' dir='ltr'>i.</span> <span class='ocrx_word' id='word_1_275' title='bbox 513 2101 659 2134; x_wconf 88' lang='lat' dir='ltr'>quoque</span> <span class='ocrx_word' id='word_1_276' title='bbox 688 2100 753 2124; x_wconf 86' lang='lat' dir='ltr'>om.</span> <span class='ocrx_word' id='word_1_277' title='bbox 779 2092 805 2123; x_wconf 85' lang='lat' dir='ltr'>B</span> <span class='ocrx_word' id='word_1_278' title='bbox 825 2090 836 2134; x_wconf 81' lang='grc' dir='ltr'>ΙΙ</span> <span class='ocrx_word' id='word_1_279' title='bbox 855 2094 899 2124; x_wconf 83' lang='grc'>26</span> <span class='ocrx_word' id='word_1_280' title='bbox 925 2090 1002 2124; x_wconf 85' lang='lat' dir='ltr'>eius</span> <span class='ocrx_word' id='word_1_281' title='bbox 1026 2092 1063 2132; x_wconf 87' lang='grc' dir='ltr'>Β,</span> <span class='ocrx_word' id='word_1_282' title='bbox 1089 2089 1123 2124; x_wconf 88' lang='lat' dir='ltr'>ei</span> <span class='ocrx_word' id='word_1_283' title='bbox 1147 2090 1203 2124; x_wconf 90' lang='lat' dir='ltr'>ius</span> <span class='ocrx_word' id='word_1_284' title='bbox 1228 2092 1254 2122; x_wconf 74' lang='lat'>1³</span> <span class='ocrx_word' id='word_1_285' title='bbox 1273 2089 1283 2133; x_wconf 81' lang='grc' dir='ltr'>[Ι</span> <span class='ocrx_word' id='word_1_286' title='bbox 1304 2088 1483 2124; x_wconf 80' lang='lat' dir='ltr'>confessio</span> 
     </span>
     <span class='ocr_line' id='line_1_35' title="bbox 226 2135 1192 2180; baseline -0.001 -11"><span class='ocrx_word' id='word_1_287' title='bbox 226 2138 279 2169; x_wconf 77' lang='lat' dir='ltr'>Ab</span> <span class='ocrx_word' id='word_1_288' title='bbox 299 2136 467 2179; x_wconf 75' lang='lat'>1126—27</span> <span class='ocrx_word' id='word_1_289' title='bbox 492 2137 683 2171; x_wconf 88' lang='lat' dir='ltr'>teneamus</span> <span class='ocrx_word' id='word_1_290' title='bbox 708 2137 772 2170; x_wconf 87' lang='lat' dir='ltr'>sed</span> <span class='ocrx_word' id='word_1_291' title='bbox 796 2135 890 2170; x_wconf 87' lang='lat' dir='ltr'>illud</span> <span class='ocrx_word' id='word_1_292' title='bbox 915 2147 1059 2180; x_wconf 87' lang='lat' dir='ltr'>quoque</span> <span class='ocrx_word' id='word_1_293' title='bbox 1085 2146 1140 2180; x_wconf 88' lang='lat' dir='ltr'>op.</span> <span class='ocrx_word' id='word_1_294' title='bbox 1166 2138 1192 2168; x_wconf 89' lang='grc' dir='ltr'><strong><em>Β</em></strong></span> 
     </span>
    </p>
   </div>
  </div>
 </body>
</html>
