1604 2488
165 754 206 786 10

161 1043 204 1075 15

159 1449 202 1481 20

155 1796 199 1828 25

239 118 321 159 190
715 117 1012 160 QUINTILIANI

237 238 318 278 quo
356 224 462 266 mihi
505 238 583 278 par
619 224 854 277 convietus,
891 225 1001 279 apud
1032 239 1174 280 quem,
1216 226 1253 268 si
1283 225 1393 268 forte
1424 241 1489 268 ce-

235 296 399 334 narem,
441 296 548 323 uxor
584 282 859 324 ministraret.
918 285 965 323 tu
1003 285 1147 325 tamen
1184 283 1284 338 quid
1313 284 1488 326 circum-

237 340 466 394 scriptione
497 340 581 382 ista
611 339 865 394 perdidisti?
895 355 1070 382 uxorem
1100 355 1186 383 non
1215 341 1346 384 habes
1374 342 1488 384 locu-

235 397 413 451 pletem:
466 398 574 439 nihil
617 398 728 439 enim
766 398 922 452 magis,
965 413 1090 452 quam
1129 399 1349 453 pecuniam
1381 399 1487 441 desi-

236 455 386 496 deras?
419 469 443 497 o
467 458 511 497 te
537 456 721 511 dignum,
747 456 819 510 qui
844 456 1015 497 duceres
1037 457 1200 510 parem!
1224 459 1325 499 tunc
1345 457 1487 512 scires,

236 527 341 568 quae
373 513 618 568 discordiae,
649 527 754 568 quae
787 514 1097 568 contentiones,
1135 529 1261 569 quam
1290 515 1487 570 frequens

234 572 392 613 mentio
425 571 548 624 dotis,
579 586 705 625 quam
737 574 876 613 erecta
908 586 958 613 ex
984 586 1117 626 aequo
1143 572 1292 614 cervix.
1340 573 1486 628 utique

233 629 277 670 in
307 629 375 670 his
407 630 491 671 tuis
524 629 704 683 deliicis,
745 629 790 670 in
815 629 884 670 his
910 630 1211 684 cupiditatibus
1235 629 1316 672 tibi
1339 628 1487 672 liceret

233 701 374 728 amare
417 687 600 741 aliquam
646 687 859 740 ancillam,
903 687 1092 741 deperire
1137 688 1322 743 aliquam
1363 688 1486 730 mini-

233 747 428 786 strarum.
490 748 533 786 at
569 759 680 787 nunc
719 745 851 786 habes
883 760 1055 787 uxorem
1085 760 1171 787 non
1202 745 1486 797 ambitiosam,

231 817 317 844 non
362 805 606 844 exacturam
650 803 893 857 comitatus,
937 804 1009 844 sed
1046 818 1153 858 quae
1189 805 1284 846 tota
1321 818 1370 845 ex
1411 805 1487 845 tuo

231 861 352 902 vultu
382 861 576 915 pendeat.
636 861 830 902 laborare
868 861 1101 903 consuevit:
1138 861 1318 903 habebis
1358 861 1486 903 ancil-

230 918 331 960 lam.
391 919 454 960 Tu
485 921 652 961 tantum
685 919 889 970 [etiam]si
922 919 1021 973 quid
1054 933 1132 974 ego
1165 919 1339 974 offendi,
1380 918 1486 960 mihi

229 976 428 1018 irascere:
471 976 579 1018 nihil
610 977 685 1017 illa
715 977 834 1031 fecit,
871 977 978 1018 nihil
1010 977 1086 1018 illa
1116 977 1329 1031 peccavit3
1371 977 1486 1018 iussa

230 1033 334 1087 fecit,
359 1035 403 1074 in
428 1034 665 1075 ministerio
686 1033 799 1088 pat'ri
818 1035 976 1088 paruit:
1003 1035 1055 1076 ad
1075 1035 1195 1076 illam
1218 1034 1298 1076 hoc
1316 1037 1485 1076 tantum

229 1092 429 1147 pertinet,
461 1092 571 1146 quod
603 1092 781 1146 optavit.

770 1216 944 1260 OGGIJ.

380 1298 666 1343 Auctoratus
698 1298 757 1340 ob
784 1297 1100 1351 sepeliendum
1131 1298 1328 1351 patrem.

229 1381 500 1423 GLADIATOR
536 1392 584 1421 IN
623 1390 1019 1429 QUATTUORDECIM
1056 1389 1284 1420 GRADIBUS
1321 1389 1382 1420 ΝΕ
1413 1390 1485 1422 SE-

345 1450 483 1480 DEAT.
524 1438 702 1487 Quidam
733 1441 782 1479 ut
812 1439 976 1491 patrem
1009 1437 1216 1491 sepeliret,
1248 1438 1486 1479 auctoravit

347 1511 402 1538 se.
463 1496 529 1538 die
568 1496 751 1537 muneris
788 1495 1016 1550 productus
1055 1495 1132 1536 sub
1172 1494 1299 1535 titulo
1332 1508 1483 1536 causae

343 1554 501 1604 rudem,
532 1554 778 1607 postulante
809 1553 981 1607 populo,
1012 1552 1184 1606 accepit.
1231 1554 1382 1606 postea
1411 1567 1483 1607 pa-

342 1611 590 1653 trimonium
621 1613 831 1652 statutum
856 1625 932 1665 per
955 1611 1071 1666 leges
1099 1610 1310 1664 equitibus
1337 1610 1481 1664 adqui-

347 1670 459 1712 sivit.
506 1669 759 1722 prohibetur
791 1669 1005 1723 gradibus.

628 1782 1068 1826 DECLAMATIO.

313 1866 469 1908 Postea
501 1866 648 1920 dicam,
681 1880 763 1920 qua
794 1879 920 1907 causa
945 1879 1078 1918 paene
1106 1863 1319 1918 gladiator
1344 1862 1481 1905 factus

226 1925 299 1978 sit,
331 1927 482 1978 postea
511 1924 610 1978 hoc,
642 1923 752 1978 quod
785 1923 986 1977 obicitur,
1023 1922 1067 1963 in
1097 1921 1266 1964 laudem
1297 1924 1482 1963 vertam.-

318 2042 409 2073 3—-4
434 2037 657 2082 locupletem
683 2037 774 2072 utile
800 2037 844 2073 e‘e
867 2037 1040 2071 divitibus
1065 2046 1193 2070 uxores
1217 2045 1394 2080 pauperes
1413 2034 1479 2069 du-

225 2095 304 2119 cere
331 2084 422 2119 nibil
448 2089 508 2119 etc.
523 2087 552 2117 A
570 2085 582 2128 ΙΙ
600 2087 691 2118 4-5
717 2084 792 2118 des.
820 2085 857 2118 et
881 2085 918 2118 te
944 2083 977 2117 d.
1002 2085 1028 2115 B
1048 2083 1059 2127 n
1079 2086 1098 2117 7
1123 2085 1225 2116 recta
1248 2084 1311 2125 Aa,
1337 2081 1480 2116 erectae

223 2134 249 2164 B
270 2132 282 2174 ΙΙ
303 2135 346 2165 10
372 2133 410 2165 at
435 2141 499 2166 om.
526 2133 552 2164 B
581 2132 592 2175 ΙΙ
613 2134 655 2164 13
671 2129 862 2176 ‘[etiam]si
887 2129 945 2164 Ro
974 2130 987 2174 ΙΙ
1018 2132 1061 2163 14
1083 2127 1177 2163 nihil
1200 2138 1298 2172 pecc.
1324 2129 1353 2160 Δ
1371 2128 1383 2172 ΙΙ
1401 2126 1481 2162 visa

223 2181 248 2210 P
275 2178 286 2221 ΙΙ
314 2181 355 2212 15
381 2177 452 2212 fuit
477 2179 556 2219 AB,
582 2188 671 2212 corr.
697 2175 765 2211 Sch
792 2178 803 2220 ΙΙ
835 2179 878 2211 18
903 2176 1091 2211 autoratus
1115 2176 1173 2209 hic
1196 2177 1228 2209 et
1245 2176 1371 2218 postea
1394 2176 1445 2206 Ab
1469 2173 1482 2219 Η

223 2228 265 2258 21
294 2224 356 2258 sed
383 2223 440 2257 die
466 2223 623 2258 numeris
649 2225 674 2256 B
706 2223 717 2266 ΙΙ
748 2227 791 2257 22
818 2223 943 2257 sudem
963 2225 1013 2255 Ba
1036 2222 1048 2266 ss
1079 2224 1122 2256 22
1148 2221 1285 2256 stat-um
1310 2222 1371 2253 AB
1395 2220 1408 2263 ΙΙ
1434 2223 1477 2255 27

223 2271 320 2314 quod
347 2269 479 2304 dicitur
503 2272 532 2303 A
550 2271 562 2313 Η
580 2280 702 2304 veram
727 2271 753 2301 B
