1586 2476
110 711 153 742 10

111 999 152 1031 15

108 1289 151 1320 20

106 1577 150 1610 25

183 74 208 116 8
653 74 770 117 QUIN
773 74 953 110 TILIANI

179 194 260 235 pus
291 195 451 235 meum,
492 181 605 235 quod
643 195 729 223 non
761 182 897 223 solum
939 183 1058 223 motu
1096 183 1338 238 [corporis],
1374 183 1435 226 fa-

180 238 324 280 miliae
356 239 691 280 conclamatione
716 239 891 280 excitari
920 253 1008 281 non
1037 240 1195 293 potuit,
1227 241 1299 282 sed
1329 241 1437 284 belli

179 296 367 337 tumultu
399 299 442 338 et
471 297 639 351 fragore
672 297 889 351 signorum
922 299 964 338 et
987 297 1271 350 trepidatione
1300 299 1432 342 totius

180 354 387 395 civitatis:
441 354 653 396 victurum
696 354 996 408 promitteres?
1050 354 1311 398 Veneficium
1340 358 1435 410 fini·

180 412 284 453 tione
332 411 472 466 docui,
522 412 767 454 veneficium
811 412 1000 467 periculo
1044 412 1182 455 docui.
1231 414 1330 457 volo
1373 415 1433 456 di-

180 483 272 510 cere
303 471 346 510 et
375 469 426 510 de
457 470 610 512 animo.
641 470 863 512 Potionem
894 470 1020 512 istam
1046 470 1112 511 cui
1138 470 1320 513 dedisti?
1352 486 1434 526 quo

178 529 368 581 tempore
399 527 584 569 dedisti?
631 528 828 582 privigno
861 527 1024 570 dedisti.
1062 528 1099 569 si
1130 528 1214 570 alio
1245 531 1434 584 tempore

180 584 385 639 dedisses,
427 585 646 640 deceptam
690 588 731 627 te
773 588 987 640 putarem:
1035 600 1147 627 nunc
1183 588 1437 643 excogitasti

178 643 407 697 potionem,
439 658 546 698 quae
577 658 644 685 me
675 644 770 698 lege
802 643 1017 685 occideret.

266 700 475 754 Equidem
500 701 537 743 si
556 715 623 742 me
642 701 900 755 interroges,
931 701 1088 743 vixisse
1126 716 1192 743 me
1222 702 1297 744 illo
1328 705 1435 746 tem-

177 772 280 812 pore
310 773 396 800 non
427 758 626 801 arbitror.
663 758 763 813 quid
793 759 934 801 eram?
963 773 1041 813 pro
1067 759 1127 801 dii
1151 760 1437 803 immortales!

179 818 252 856 aut
282 816 325 856 in
357 831 440 871 qua
470 818 590 870 parte
621 820 799 858 naturae
830 817 990 859 locavit
1015 832 1081 858 me
1105 818 1316 860 noverca?
1346 819 1435 860 bel-

177 874 266 915 lum
303 874 411 915 mihi
446 874 688 916 nuntiatum
726 877 807 928 est,
851 877 892 916 et
921 875 1154 929 hominem,
1194 890 1319 930 quem
1349 890 1436 918 non

177 931 463 986 peregrinatio
496 932 696 986 detinuit,
726 947 814 974 non
839 932 1034 974 absentia
1068 933 1158 974 ulla
1192 948 1217 974 a
1240 934 1430 988 periculo

179 988 362 1031 civitatis
388 990 610 1044 relegavit,
629 990 830 1044 <somnus
856 990 1034 1043 vinxit).
1073 990 1173 1045 quid
1205 993 1346 1033 actum
1378 992 1435 1034 sit
1450 1032 1454 1042 v,

178 1050 375 1088 manente
406 1062 473 1088 me
503 1047 618 1089 intra
648 1062 803 1102 muros,
834 1048 1144 1089 commilitones
1173 1049 1258 1090 mei
1288 1063 1434 1091 narra·

177 1108 347 1146 verunt:
390 1105 544 1147 dicitur
581 1106 729 1160 ingens
767 1106 899 1147 fuisse
935 1106 1166 1160 proelium,
1209 1107 1437 1149 commissa

176 1163 390 1217 utrimque
423 1164 556 1215 acies,
587 1163 716 1204 dubia
747 1177 873 1217 saepe
909 1164 1089 1205 victoria
1119 1166 1160 1205 et
1193 1164 1275 1206 huc
1303 1167 1437 1219 ⁴atque

177 1220 278 1262 illuc
311 1235 406 1274 spes
431 1221 649 1275 inclinata,
680 1235 774 1262 cum
805 1221 976 1262 interim
1000 1222 1135 1275 miles,
1165 1221 1211 1262 in
1236 1237 1318 1276 quo
1343 1223 1434 1276 plu-

175 1277 332 1319 rimum
362 1278 553 1333 fiduciae,
582 1279 628 1319 in
660 1293 742 1333 quo
774 1279 1006 1320 maximum
1038 1282 1301 1321 momentum
1324 1280 1436 1322 vide-

176 1335 315 1390 batur,
346 1336 391 1377 in
420 1337 541 1378 nulla
571 1339 691 1391 part-e
722 1337 837 1378 visus
869 1337 1050 1378 auditur.
1082 1337 1182 1392 quid
1211 1337 1307 1391 plus
1339 1352 1436 1379 con-

175 1394 341 1448 tingere
371 1394 514 1448 potuit
542 1394 676 1448 hosti,
715 1394 751 1436 si
781 1393 1014 1448 perissem?
1074 1409 1161 1436 non
1191 1395 1276 1436 alio
1308 1395 1436 1438 modo

176 1451 318 1493 audivi
349 1452 481 1506 bella,
513 1467 641 1507 quam
667 1466 842 1494 avorum
867 1466 1206 1507 proavorumque
1231 1452 1434 1507 tempori—

174 1509 267 1550 bus.
327 1508 387 1550 At
418 1510 455 1550 si
498 1510 604 1551 mihi
647 1509 768 1551 detur
811 1510 1048 1551 emendatio
1089 1511 1433 1564 praeteritorum,

176 1567 340 1608 utinam
370 1581 550 1609 noverca
583 1567 690 1608 illud
721 1567 867 1608 statim
892 1582 1099 1609 venenum
1124 1568 1320 1622 dedisset,
1351 1582 1435 1623 quo

175 1625 263 1666 vita
288 1624 543 1667 auferretur!
572 1624 648 1666 illa
678 1624 852 1678 potione
884 1628 1180 1679 consumptum
1211 1628 1305 1667 tota
1335 1626 1435 1668 civi-

175 1685 242 1724 tas
287 1682 339 1724 ad
382 1696 534 1738 rogum
576 1683 765 1736 tulisset,
809 1683 1065 1724 celebrasset
1095 1683 1261 1736 laudes,
1304 1684 1435 1725 etiam

175 1741 380 1795 temporis
413 1741 638 1782 discrimen
670 1740 854 1782 multum
886 1741 1102 1782 attulisset
1128 1741 1437 1783 admirationis.

175 1799 250 1840 illa
283 1799 470 1841 dicerent
500 1799 714 1841 homines:
746 1812 854 1840 »non
884 1799 1131 1840 tulissemus
1162 1798 1279 1853 haec,
1309 1799 1346 1840 si
1376 1799 1434 1840 vi-

271 1928 288 1959 1
317 1924 477 1969 eorporis
495 1926 536 1968 A,
562 1925 712 1959 exclusit
731 1923 808 1967 Ro,·
831 1925 893 1960 sed
916 1925 1033 1959 nescio
1058 1934 1108 1958 cm
1133 1923 1229 1959 alius
1252 1925 1436 1969 genetivus

174 1971 444 2006 substituendus
467 1971 515 2005 sit
538 1971 549 2015 11
575 1975 594 2005 3
620 1970 756 2015 frigore
781 1973 839 2004 Aa
863 1972 875 2014 ΙΙ
903 1974 924 2005 4
950 1970 1105 2005 scientia
1129 1973 1170 2014 A,
1195 1970 1360 2006 finitione
1386 1970 1434 2015 (ἓ)

175 2017 233 2053 Ro
251 2018 263 2062 ΙΙ
282 2020 302 2052 5
323 2027 401 2060 esse
420 2017 583 2062 periculo
602 2019 654 2050 Aa
671 2019 683 2062 ΙΙ
703 2021 722 2051 9
744 2017 817 2060 qua
835 2019 887 2050 Ab
906 2018 918 2062 ΙΙ
937 2016 1113 2051 occiderit
1124 2019 1164 2059 A,
1179 2026 1268 2052 corr.
1283 2016 1341 2052 Fr
1357 2018 1370 2060 ΙΙ
1391 2020 1431 2051 11

175 2063 276 2099 enim
300 2066 341 2107 A,
368 2074 457 2098 corr.
483 2063 540 2098 Ro
559 2064 571 2108 ΙΙ
592 2067 633 2098 15
647 2062 821 2110 <somnus
846 2061 1003 2110 vinxit.)
1029 2063 1086 2097 Ro
1111 2063 1294 2106 conferens
1317 2065 1433 2106 9,21.-

174 2109 346 2146 devincta
369 2121 472 2145 mens
507 2110 519 2154 fl
561 2111 646 2144 acta
669 2113 738 2153 Aa,
776 2109 849 2144 acti
873 2112 936 2154 Ab,
962 2120 1052 2144 corr.
1078 2109 1136 2144 Ro
1154 2110 1166 2153 ΙΙ
1187 2112 1228 2144 18
1253 2110 1435 2152 utrunque

174 2170 227 2203 Aa.
244 2169 256 2213 Η
275 2171 318 2202 23
343 2178 635 2212 proavarumque
660 2170 712 2200 Aa
729 2168 741 2211 ΙΙ
760 2171 804 2202 24
829 2168 954 2202 nota:
987 2166 1032 2201 Si
1055 2157 1092 2201 η’]
1118 2163 1209 2201 det‘
1227 2167 1435 2202 emenda·—

174 2213 238 2250 tio
263 2213 619 2259 praeteritorum
644 2217 673 2247 A
691 2215 703 2259 u
722 2218 766 2249 26
792 2214 1052 2249 auferetur‘An
