1604 2488
189 121 270 162 198
666 120 784 163 QUIN
786 119 968 156 TILIANI

189 228 272 269 cito
324 226 486 268 occidat
505 228 534 282 †
583 229 747 281 putate,
796 226 972 281 iudices,
1020 226 1145 268 huius
1190 226 1347 269 furoris
1391 226 1444 268 ad

188 300 263 327 vos
296 299 468 326 causam
498 284 666 326 referri:
699 299 750 325 ex
781 285 944 326 duobus
976 284 1168 327 exulibus
1199 285 1314 328 intra
1338 284 1444 327 fines

189 343 460 397 deprehensis
510 343 562 384 ab
613 343 750 384 altero
794 343 957 384 occisus
1000 344 1065 384 est
1110 343 1230 385 alter.
1299 343 1445 384 statim

190 415 285 443 cum
315 400 397 442 hoc
429 414 554 454 agere
579 400 730 442 iniusti
757 400 955 455 supplicii
980 400 1089 443 volo.
1132 401 1226 456 quis
1250 400 1331 442 tibi
1355 401 1445 456 gla-

143 470 163 501 5
190 459 306 500 dium
345 458 489 500 dedit?
563 459 774 513 quomodo
814 460 956 513 potest
992 458 1102 512 fieri,
1137 461 1186 500 ut
1221 459 1258 501 is
1295 459 1447 501 debeat

189 517 391 570 occidere,
431 517 499 558 cui
538 531 709 558 necesse
742 519 807 558 est
835 516 975 558 mori?
1023 530 1164 569 nemo,
1202 518 1250 559 ut
1281 517 1444 571 opinor,

142 593 144 595 ·
189 575 495 628 absolv<er>et.
571 575 661 616 fieri
702 589 790 616 non
831 576 993 628 potest,
1035 576 1084 616 ut
1128 575 1164 615 si
1205 574 1447 616 damnanda

187 633 317 674 fuerit
350 633 537 686 audacia,
566 647 654 674 non
685 633 740 674 sit
771 632 1024 674 vindicanda
1053 632 1294 674 necessitas.
1352 647 1447 675 cum

187 691 360 732 illorum
399 691 559 732 crimen
595 691 723 744 foret,
760 691 797 732 si
833 691 1089 732 voluissent:
1126 693 1246 732 tuum
1283 690 1340 732 sit
1376 705 1446 732 ne-

121 760 163 791 10
190 763 304 790 cesse
337 751 419 802 est,
461 749 560 803 quia
592 749 779 803 coegisti.
841 747 886 790 Si
917 748 1231 790 concurrissent
1262 750 1304 790 et
1331 749 1446 791 vive-

188 809 302 860 rent,
345 807 494 848 iniusti
536 810 681 848 tamen
718 806 915 860 supplicii
958 820 1140 860 agerem.
1212 805 1336 848 facile
1380 809 1450 848 est

188 865 302 906 vitae
342 865 561 906 damnum:
600 865 817 906 abstulisti
853 865 1018 906 miseris
1058 864 1326 906 innocentiae
1357 865 1447 919 opi-

188 923 361 964 nionem
399 926 442 964 et
478 925 527 964 ut
557 923 790 977 pessimum
823 923 1112 977 gladiatorum
1143 936 1275 978 genus
1306 922 1445 977 perire

188 981 362 1022 iussisti.
422 995 509 1022 non
543 983 744 1035 potueras
786 981 968 1032 absolvi,
1006 980 1043 1022 si
1074 980 1314 1022 infelicibus
1346 979 1444 1021 mis-

121 1050 162 1082 15
190 1039 353 1081 sionem
385 1039 586 1080 dedisses.
635 1053 740 1093 quos
772 1037 1080 1093 composuisti?
1110 1038 1305 1080 homines
1338 1037 1444 1079 eius-

188 1097 284 1139 dem
316 1097 520 1151 civitatis,
561 1097 749 1138 eiusdem
779 1097 988 1150 fortunae,
1020 1096 1208 1138 eiusdem
1238 1095 1445 1137 inimicos.

186 1155 419 1209 plurimum
449 1157 594 1196 tamen
625 1154 761 1195 adhuc
793 1154 847 1195 ad
878 1154 1068 1196 dolorem
1098 1154 1304 1208 pertinet,
1336 1153 1449 1208 quod

187 1216 229 1254 te
256 1215 475 1267 spectante
499 1215 761 1267 pugnarunt:
785 1212 858 1253 ille
878 1212 1154 1266 gravissimus
1175 1211 1314 1265 dolor,
1335 1211 1447 1265 quod.

188 1271 242 1312 ad
266 1270 426 1312 inimici
451 1270 718 1324 voluptatem
745 1270 1052 1311 satisfacerent.
1084 1269 1240 1310 misera
1259 1267 1448 1310 condicio

118 1340 161 1370 20
187 1329 473 1371 necessitatis!
529 1328 667 1383 gloria
713 1328 952 1369 infelicibus
997 1329 1108 1381 erat,
1156 1327 1294 1368 facere
1340 1326 1451 1381 quod

187 1388 338 1430 nolles:
371 1401 498 1441 quam
529 1386 842 1428 contumaciam
871 1386 1028 1427 vicisti!
1455 1415 1456 1418 ,

275 1445 508 1500 Proponite
546 1445 666 1499 ignes
705 1447 748 1486 et
782 1443 1028 1499 <flagella>,
1066 1442 1315 1485 constituite
1352 1444 1449 1484 ante

188 1504 331 1545 oculos
374 1503 477 1544 illud
522 1503 686 1544 crudele
729 1502 1035 1556 spectaculum,
1080 1501 1296 1543 sedentem
1339 1500 1450 1542 hunc

189 1562 335 1615 altius,
372 1563 559 1602 armatos
592 1561 703 1602 circa
735 1574 891 1602 servos.
951 1573 1086 1614 neque
1118 1559 1230 1600 enim
1261 1557 1450 1613 profecto

118 1629 162 1661 25
188 1620 276 1661 sine
319 1619 531 1673 praesidio
580 1632 754 1674 magno,
803 1619 893 1659 sine
937 1620 1052 1660 certa
1099 1617 1326 1659 securitate
1369 1616 1452 1658 fer·
1505 1651 1510 1655 .

188 1692 283 1719 rum
315 1676 532 1718 commisit
559 1676 752 1717 inimicis.
802 1676 873 1729 qui
899 1676 1021 1717 dolor
1046 1675 1310 1729 miserorum,
1341 1674 1452 1728 quod

189 1749 444 1790 quemquam
474 1734 748 1776 vulnerarent
778 1734 861 1774 isto
898 1733 1139 1787 praesente!
1185 1735 1347 1774 certum
1377 1731 1452 1773 ha-

187 1794 284 1835 beo:
330 1795 372 1834 et
411 1793 610 1835 hortatus
648 1794 713 1833 est
749 1794 792 1833 et
827 1791 1017 1832 laudavit
1053 1790 1191 1844 illum,
1230 1789 1303 1844 qui
1335 1789 1453 1843 prior

188 1851 409 1906 percussit.
451 1851 595 1892 omnia
618 1851 719 1892 licet
742 1849 906 1903 feceris,
930 1850 1079 1890 neuter
1103 1850 1248 1889 tamen
1269 1847 1451 1889 amicum

119 1921 164 1952 30
191 1924 315 1952 suum
353 1908 593 1963 occidisset,
637 1908 723 1949 nisi
762 1908 911 1949 scisset
950 1906 1162 1961 expedire,
1198 1907 1246 1947 ut
1274 1907 1452 1959 uterque

191 1970 441 2010 moreretur.
508 1967 544 2009 si
580 1967 689 2009 bene
727 1965 982 2007 miserorum
1018 1963 1304 2007 innocentiam
1339 1963 1452 2016 novi,

190 2041 276 2068 non
326 2028 494 2067 tantum
545 2025 644 2079 tibi,
699 2026 906 2079 quantum
956 2025 1198 2077 optaveras,
1252 2021 1453 2076 contigit:

287 2132 307 2163 2
335 2128 495 2173 causam]
522 2129 650 2162 tamen
673 2130 699 2159 P
717 2127 728 2171 ΙΙ
754 2131 774 2161 3
801 2126 918 2162 altero
943 2129 969 2159 Β
989 2127 1000 2172 ΙΙ
1020 2129 1040 2160 5
1065 2125 1095 2160 is
1119 2135 1184 2161 om.
1210 2124 1267 2168 1311
1288 2127 1308 2158 7
1333 2121 1455 2157 absol-

192 2173 352 2222 v<er>et
376 2174 434 2209 Ro
453 2175 463 2218 ΙΙ
485 2178 527 2210 18
553 2172 795 2208 damnaverfit
818 2176 844 2206 B
864 2174 876 2217 ΙΙ
894 2176 938 2208 21
963 2172 1078 2207 velles
1104 2173 1178 2215 ΔΒ,
1203 2180 1292 2206 co‘r‘r.
1308 2168 1361 2204 Gr
1379 2170 1391 2214 ΙΙ
1410 2172 1454 2203 22

191 2219 393 2274 <flag-ella>
417 2220 474 2256 Ro
499 2221 562 2264 css.
590 2223 672 2263 196,
691 2223 713 2255 9
733 2220 744 2264 Η
764 2224 807 2254 26
832 2219 1002 2254 inimicus
1027 2221 1053 2251 Β
1072 2219 1084 2263 ll
1104 2221 1146 2252 28
1173 2218 1229 2252 est
1247 2227 1312 2251 om.
1333 2218 1359 2249 Β
1378 2216 1390 2260 ΙΙ
1409 2219 1453 2250 29

191 2266 513 2314 *percuSS1<sse>t
532 2266 579 2312 (Β)
600 2268 611 2312 ΙΙ
630 2266 715 2301 feris
741 2269 767 2299 Β
786 2268 798 2311 ss
817 2269 860 2301 32
886 2278 919 2300 n.
946 2267 1070 2301 tamen
1093 2263 1163 2298 tibi
1188 2262 1324 2308 quonia
1349 2273 1406 2307 op.
1427 2265 1452 2295 P
