1604 2488
385 105 810 145 DECLAMATIONES.
838 106 1060 143 CCCXVIII.
1290 105 1377 148 249

84 219 281 263 nobilem
313 218 499 261 facinori
531 233 609 260 suo
637 217 798 260 exitum
826 216 967 260 daret:
999 216 1139 258 iaceat
1164 216 1211 258 in
1236 216 1377 259 turba,

88 293 164 322 vos
198 292 293 334 oro,
325 279 398 336 qui
429 277 539 320 illud
568 290 741 333 pugnae
774 289 909 332 genus
943 275 1198 331 exigebatis,
1228 278 1376 318 utrum

85 338 262 381 tandem
288 340 490 381 eventum
517 336 774 392 concepistis
800 335 976 378 animo?
1011 335 1186 378 vicisset
1209 335 1376 378 iuvenis

85 412 250 453 senem,
295 397 472 440 vicisset
514 397 746 440 sceleratus
777 395 915 450 pium:
954 397 1167 450 quantum
1198 409 1268 437 res
1299 410 1376 450 pu-

86 457 200 500 blica
244 456 513 511 detrimenti,
563 458 771 512 quantum
815 455 1114 510 lacrimarum,
1166 458 1376 510 quantum
1401 465 1424 497 5

82 516 224 559 luctus
258 517 419 559 amisso
453 516 558 559 duce
590 516 771 558 haberet
801 518 846 557 et
875 514 1027 557 fractis
1060 514 1252 557 militum
1285 515 1376 556 ani-

82 575 166 618 mis
208 578 252 618 et
290 576 497 618 inclinata
527 576 573 618 in
603 577 828 630 posterum
862 574 967 630 spe?
1018 589 1073 616 an
1104 588 1206 616 vero
1238 574 1376 629 impe-

84 638 207 678 rator
249 638 383 678 vester
425 635 654 678 occidisset
691 635 815 677 illum
852 634 1134 676 temerarium
1177 633 1375 676 iuvenem

84 697 128 737 et
160 695 436 738 sceleratum:
474 697 622 737 eratne
652 694 785 748 tanti,
816 696 866 736 ut
896 693 1070 750 publice
1095 693 1376 736 commissum

84 754 365 809 parricidium
390 754 636 797 videretur?
664 768 752 796 non
775 753 887 796 iram
911 753 1151 808 numinum,
1177 767 1266 795 non
1291 755 1374 795 ste·
1405 766 1449 797 10

81 813 294 856 rilitatem
332 814 593 869 morbosque
632 815 675 856 et
707 814 796 856 alia
827 813 983 868 quibus
1016 826 1177 869 magna
1209 813 1373 855 scelera

85 873 250 928 expiari
282 873 424 916 solent
454 873 738 916 timeremus?
771 873 824 915 ab
857 873 941 915 hoc
967 872 1110 915 omine
1138 872 1376 915 commisis-

83 935 151 974 set
182 932 382 975 aciem&

578 1037 878 1083 CCCXVIII.

397 1132 632 1187 Legatum
663 1133 794 1177 inter
826 1133 1058 1179 libertos.'
1403 1148 1446 1179 15

85 1215 364 1260 Testamento
415 1219 589 1274 quidam
628 1218 824 1261 instituit
859 1218 1063 1260 heredem
1101 1220 1289 1261 amicum
1329 1222 1373 1262 et

199 1277 328 1332 petiit
359 1277 414 1320 ab
447 1293 510 1331 eo,
544 1281 593 1320 ut
624 1292 676 1320 ex
702 1277 870 1320 duobus
896 1278 1077 1333 libertis,
1109 1293 1218 1334 quos
1244 1279 1372 1320 relin-

201 1337 381 1392 quebat,
423 1337 512 1380 utri
542 1337 694 1392 vellet,
732 1337 880 1380 decem
912 1337 1035 1380 milia
1066 1338 1199 1381 daret.
1262 1353 1371 1380 unus

202 1410 254 1438 ex
290 1395 464 1439 libertis
495 1396 701 1452 peti<i>t,
739 1396 899 1440 iudicio
938 1397 1170 1440 contendit.
1232 1398 1371 1440 vict-us

201 1457 279 1500 est.
339 1455 451 1511 petit
482 1456 604 1499 alter.
1401 1469 1447 1501 20

504 1573 955 1618 DECLAMATIO.

170 1656 288 1708 Quae
320 1657 426 1700 mihi
460 1658 572 1713 iura,
615 1673 743 1714 quam
776 1661 925 1702 vetera
958 1674 1053 1702 cum
1086 1661 1271 1715 patrono
1306 1674 1374 1703 eo—

77 1732 175 1760 rum
206 1716 380 1773 fuerint,
411 1732 500 1760 non
533 1720 598 1760 est
631 1718 875 1761 dicendum:
907 1719 1032 1762 heres
1065 1733 1171 1762 sum.
1220 1723 1374 1775 quant-

79 1790 208 1832 opere
244 1776 351 1830 hi[s]
391 1780 494 1832 post
530 1777 781 1820 libertatem
821 1778 1127 1834 satisfecerint,
1170 1779 1373 1822 videlicet

75 1835 157 1879 hac
184 1836 459 1892 contumelia,
485 1852 570 1893 qua
595 1852 764 1880 mecum
792 1838 1051 1894 consistunt,
1078 1853 1210 1893 aeque
1230 1839 1371 1881 mani·
1399 1851 1442 1883 25

76 1895 249 1938 festum.
297 1898 451 1939 neuter
488 1896 600 1951 apud
633 1897 756 1939 illum
787 1898 957 1952 meruit,
989 1901 1038 1940 ut
1070 1898 1216 1940 decem
1247 1898 1372 1940 milia

82 1955 307 2010 acciperet.
340 1969 471 2011 quare
497 1970 599 2011 ergo
619 1955 701 1998 hoc
721 1958 984 1999 testamento
1005 1957 1130 2012 cavit,
1156 1959 1206 2000 ut
1226 1957 1374 1999 darem

177 2076 195 2107 1
222 2071 341 2108 iactat
366 2075 393 2106 B
418 2074 431 2118 ΙΙ
462 2075 482 2107 2
509 2073 658 2107 utrum
683 2075 714 2107 A
732 2074 744 2118 ΙΙ
769 2077 790 2108 5
817 2075 979 2118 quantus
1004 2077 1035 2108 A
1060 2075 1071 2119 ΙΙ
1093 2077 1114 2110 8
1139 2075 1268 2110 noster
1293 2077 1370 2117 AB,

75 2129 167 2157 corr.
192 2119 251 2156 Ro
270 2120 282 2165 l!
303 2123 348 2155 10
371 2119 567 2155 nominum
593 2123 647 2154 Aa.
665 2121 677 2165 ΙΙ
698 2124 836 2156 10-11
864 2120 1111 2157 sterelitatem
1135 2125 1164 2156 A
1183 2123 1196 2168 ΙΙ
1217 2126 1261 2157 12
1282 2123 1372 2158 hoc·

77 2167 262 2203 commine
288 2171 353 2213 Aa,
378 2168 450 2204 hoc
477 2167 628 2202 homine
653 2170 680 2201 B
700 2169 712 2212 ss
734 2172 873 2204 12-13
901 2169 1100 2205 commiset
1124 2173 1166 2213 A,
1193 2181 1277 2205 cum
1303 2170 1374 2205 mi-

77 2214 187 2250 sisset
210 2218 237 2250 1³
255 2216 268 2261 u
290 2219 332 2251 17
358 2215 456 2261 petit
469 2218 533 2250 AB
552 2217 564 2260 ss
586 2218 628 2250 18
644 2215 790 2262 decem]
810 2216 844 2251 X
864 2219 905 2260 A,
925 2216 993 2251 XX
1012 2219 1039 2251 B
1059 2219 1070 2263 ΙΙ
1092 2221 1135 2253 19
1149 2217 1349 2266 *peti<i>t

6 2292 10 2295 .
78 2265 124 2297 24
148 2262 207 2297 his
232 2263 320 2308 post
343 2262 561 2298 libertatem
585 2263 831 2299 satisfecerim
856 2267 933 2310 AB,
960 2275 1051 2301 corr.
1077 2265 1136 2301 Ro
1154 2266 1166 2311 u
1191 2269 1234 2301 27
1263 2275 1373 2301 voca-

77 2307 135 2344 vit
158 2311 222 2346 Aa.
