1604 2488
405 88 830 128 DECLAMATIONES.
856 88 1082 125 CCLXXXI.
1302 87 1388 129 145

101 201 247 244 ficium
282 202 407 243 tuum
444 201 526 242 est:
570 213 659 242 non
689 198 827 241 timet.
888 200 1010 240 tuere
1041 196 1232 253 nuptias,
1279 211 1386 252 quas

101 259 294 315 iunxisti,
323 261 444 301 tuere
476 258 814 313 matrimonium,
846 257 961 313 quod
988 256 1220 312 copulasti:
1253 256 1387 299 istum

100 322 324 374 raptorem
355 319 462 374 puta
493 318 655 360 abesse.

598 433 899 479 GCLXXXI.

418 505 719 551 Abdicandus
750 517 860 549 cum
891 505 1069 559 gladio.
1140 523 1142 526 ’

103 579 188 630 Qui
215 579 440 622 abdicatur
465 578 735 622 contradixit.
766 579 880 622 inter
905 593 1049 621 moras
1068 577 1216 620 iudicii
1237 578 1389 620 stricto

223 638 370 696 gladio
403 638 592 681 occurrit
618 638 664 680 in
695 638 931 681 solitudine
961 638 1093 693 patri3
1123 637 1310 693 rogavit,
1340 639 1391 679 ut

225 699 309 741 sibi
330 698 648 741 abdicationem
672 698 912 740 remitteret
938 700 981 740 et
1006 697 1210 752 co<e>git
1235 697 1390 739 iurare.

223 757 385 800 iuravit
416 757 491 799 ille
523 759 566 799 et
597 759 771 800 accusat
801 757 939 799 filium
971 757 1204 812 parricidii.

635 874 865 918 SERMO.

193 945 455 989 Narratione
482 946 830 1002 praeparandum
856 949 933 1002 est,
964 951 1013 992 ut
1040 947 1246 1003 quoniam
1271 946 1392 989 nulla

104 1008 223 1050 certa
253 1020 384 1049 causa
416 1008 482 1048 est
514 1005 812 1061 abdicationis,
843 1005 1041 1048 videatur
1065 1008 1192 1061 pater
1215 1006 1393 1062 parrici-

104 1065 166 1108 dii
207 1065 451 1121 suspicione
487 1064 641 1107 fecisse
681 1067 724 1106 et
765 1065 843 1107 has
888 1065 1070 1107 insidias
1114 1065 1392 1121 praevidisse.

103 1124 379 1181 quaestiones
410 1125 511 1167 illae
544 1125 662 1166 sunt:
695 1139 749 1166 an
783 1124 837 1166 ad
868 1125 1011 1181 legem
1038 1125 1259 1180 parricidii
1285 1125 1391 1168 satis

106 1184 164 1226 sit
194 1184 390 1240 probare,
422 1183 504 1226 hoc
525 1183 607 1238 [in]
629 1197 702 1226 reo
729 1184 1003 1239 propositum
1028 1184 1194 1226 fuisse?
1227 1199 1283 1226 an
1308 1184 1391 1226 hoc

103 1243 380 1299 propositum
410 1242 510 1286 huic
541 1242 704 1285 fuerit?

514 1359 972 1403 DECLAMATIO.

195 1430 389 1474 Primum
418 1430 502 1474 hoc
533 1431 642 1473 mihi
672 1431 898 1486 responde,
941 1446 995 1474 an
1027 1432 1210 1474 occisuri
1240 1432 1393 1476 habitu

105 1490 252 1533 fueris.
306 1505 395 1533 non
432 1490 547 1532 enim
578 1490 659 1533 tibi
691 1490 885 1545 proderit
916 1490 1095 1534 dixisse:
1132 1506 1244 1546 „non
1275 1491 1396 1535 feci.“

106 1564 344 1606 numquam
374 1564 495 1592 mens
528 1550 645 1592 exitu
678 1549 946 1592 aestimanda
979 1552 1055 1592 est.
1110 1565 1212 1593 nam
1245 1554 1288 1594 et
1320 1553 1394 1607 qui

106 1610 318 1665 impetum
347 1609 393 1651 in
423 1611 592 1665 patrem
626 1609 777 1652 stricto
807 1609 953 1665 gladio
980 1608 1164 1663 fecisset,
1196 1614 1390 1654 retentus

106 1668 284 1711 diceret:
323 1682 441 1711 »non
479 1668 661 1725 occidi«3
701 1669 739 1710 si
770 1682 983 1711 venenum
1013 1672 1217 1724 paratum
1249 1670 1396 1726 depre-

106 1727 370 1783 hendissem,
408 1727 590 1771 diceres:
633 1742 751 1771 »non
793 1727 969 1772 occidi«.
1031 1728 1136 1784 quin
1168 1730 1319 1786 etiam,
1357 1731 1395 1773 si

106 1787 375 1842 permIttitur
417 1787 505 1830 ista
542 1787 753 1843 defensio,
799 1790 842 1830 et
878 1787 954 1830 ille
992 1790 1141 1842 potest
1173 1789 1314 1832 dicere
1347 1805 1392 1832 se

106 1860 195 1888 non
226 1846 446 1902 occidisse,
478 1846 553 1902 qui
583 1861 881 1902 percussorem
915 1847 1193 1891 summiserit.

196 1903 312 1948 Satis
351 1919 453 1962 ergo
492 1908 558 1948 est
588 1906 774 1961 probare
806 1907 998 1948 animum
1029 1907 1281 1962 parricidae.
1327 1923 1394 1951 su-

107 1967 272 2020 perest,
308 1967 358 2006 ut
395 1964 618 2021 cogitetis,
658 1979 713 2006 an
754 1964 825 2007 hic
857 1965 1050 2007 animum
1080 1966 1294 2009 habuerit.
1358 1969 1395 2010 si

109 2023 318 2066 occultius
352 2026 466 2066 esset
497 2024 743 2066 coniectura
773 2024 977 2080 ducenda,
1009 2024 1196 2068 dicerem
1222 2029 1395 2082 turpem

108 2082 441 2138 adulescentem3
469 2082 664 2137 dicerem,
684 2082 907 2126 abdicatus
928 2086 1012 2127 est:
1046 2087 1089 2126 et
1113 2084 1151 2126 si
1176 2085 1394 2142 innocens,

204 2192 225 2223 2
257 2165 413 2223 iimxisti
437 2191 468 2222 Δ
498 2189 510 2233 ΙΙ
541 2192 561 2223 6
590 2187 813 2223 contradicit
837 2191 867 2222 A
898 2189 909 2234 ΙΙ
940 2177 1038 2236 intra
1061 2200 1182 2225 mores
1209 2192 1309 2235 Δ118
1336 2202 1395 2226 co-

108 2233 244 2288 <e>git
261 2235 338 2280 Rip
358 2235 370 2280 ΙΙ
391 2239 433 2288 ’12
453 2236 579 2281 parter
592 2238 622 2269 A
641 2236 652 2280 ΙΙ
674 2239 716 2270 15
732 2235 803 2282 [in]
824 2236 883 2272 Ro
901 2238 914 2282 ΙΙ
933 2240 977 2271 22
995 2242 1036 2271 Ν
1053 2239 1083 2271 Δ
1102 2238 1114 2283 ΙΙ
1134 2241 1179 2273 25
1192 2250 1301 2273 suum
1325 2238 1397 2273 mi—

111 2283 200 2316 sent
223 2285 250 2315 B
269 2284 281 2326 ΙΙ
300 2287 345 2318 26
372 2282 454 2318 Sitis
480 2286 531 2316 Ab
552 2284 563 2328 ΙΙ
583 2287 628 2318 28
655 2282 812 2319 dicenda
837 2286 900 2318 ΑΒ
920 2284 932 2329 Η
951 2288 996 2319 29
1023 2285 1299 2321 edulescentem
1324 2288 1355 2319 A

182 2347 367 2379 Quintiliani
387 2348 472 2382 decl.,
493 2348 538 2374 ed.
558 2349 665 2375 Ritter.
1139 2348 1182 2379 10

1415 517 1436 548 5

1420 885 1463 917 10

1421 1182 1463 1214 15

1420 1550 1465 1581 20

1419 1846 1465 1879 25
