1604 2488
558 61 985 120 DECLAMATIONES.
1014 61 1112 99 CCC.
1399 63 1421 104 l
1431 63 1489 106 83

197 187 330 230 quem
361 172 551 228 venires,
595 172 848 229 diligentius
881 171 1124 215 excutiendi
1155 186 1317 216 mores:
1368 173 1491 215 nulla

199 231 332 275 iudici
362 232 543 275 libertas
570 234 647 288 est,
678 233 765 275 nisi
789 232 1072 288 pronuntiare
1099 231 1214 287 licet,
1244 234 1391 275 utrum
1418 247 1490 275 vo-

199 291 341 335 luerit.
414 291 599 335 fortasse
643 293 878 335 erraverim
922 292 968 334 in
1012 291 1289 347 dispiciendis
1335 292 1490 345 causis,

200 351 344 394 minus
370 351 625 408 prudentiae
650 351 880 394 habuerim
905 351 1091 394 iuvenis:
1125 365 1204 407 ego
1231 351 1344 393 nihil
1370 351 1490 394 aliud

200 411 348 466 debeo,
379 426 509 467 quam
542 410 683 454 fidem.
734 426 790 453 an
819 413 869 452 tu
900 425 951 453 ea
983 410 1232 454 condicione
1265 411 1490 467 litigabas,

200 473 248 513 ut
277 471 560 527 pronuntiare
592 485 670 526 pro
696 473 739 512 te
771 484 945 513 necesse
978 469 1121 512 esset?
1163 469 1490 525 Hoc¹dicerem‚

199 530 237 572 si
267 531 314 572 in
346 544 620 586 quocumque
650 529 810 572 iudicio
843 529 1106 572 sententiam
1138 529 1351 572 tulissem.
1414 530 1491 572 ali-

199 592 365 645 quanto
397 589 554 632 fortius
575 589 848 645 (agendum)
871 591 950 643 est,
983 603 1079 631 cum
1112 589 1239 631 iudex
1272 605 1296 632 a
1328 591 1373 631 te
1405 590 1489 631 sim

199 649 382 692 electus:
415 649 539 703 hane,
571 663 700 704 quam
724 663 840 691 nunc
865 649 1010 704 eripiS,
1042 648 1328 701 c[l]aritatem
1353 649 1399 691 in
1425 649 1488 691 iu-

196 708 309 751 dicio
342 708 511 751 dedisti.

290 767 402 818 Quid
421 771 569 810 tamen
587 767 882 822 pronuntiavi,
914 770 958 809 et
976 767 1022 809 in
1043 782 1128 822 qua
1149 767 1308 810 causa?
1349 767 1488 809 Ream

198 827 379 870 absolvi.
409 841 497 870 non
529 827 643 882 dico,
681 842 807 882 quam
842 840 978 881 ream,
1015 841 1094 868 nec
1126 826 1244 869 cuius
1278 826 1486 869 criminis:

197 886 282 929 hoc
322 886 435 929 dico:
480 886 594 928 male
636 886 783 928 audire
823 887 1078 941 plerumque
1121 886 1310 928 iudicum
1351 887 1487 928 nimia

197 946 405 988 severitas
462 946 573 988 solet
627 960 706 988 nec
755 960 961 1000 umquam
1011 945 1057 987 in
1107 945 1350 988 convicium
1400 946 1486 988 nisi

1518 719 1561 751 10

196 1019 376 1060 asperae
409 1005 651 1047 sententiae
683 1005 872 1047 veniunt.
923 1004 1018 1046 ideo
1052 1004 1277 1047 absolutos
1310 1005 1486 1059 publica
1515 1015 1557 1047 15

195 1063 274 1107 illa
311 1064 567 1107 acclamatio
607 1064 902 1119 prosequitur:
947 1078 972 1105 a
1004 1063 1209 1106 damnato
1242 1063 1390 1106 tristes
1422 1079 1485 1106 re-

195 1123 367 1178 cedunt,
400 1125 444 1166 et
475 1123 665 1166 victricis
693 1138 861 1179 quoque
887 1123 1027 1178 partis
1055 1123 1276 1166 silentium
1303 1126 1380 1166 est.
1414 1124 1487 1166 ab·

194 1182 320 1226 solvi.
382 1183 420 1225 si
458 1182 539 1226 hoc
578 1183 859 1237 invidiosum,
904 1183 942 1224 si
979 1182 1061 1226 hoc
1094 1183 1377 1225 criminosum
1410 1185 1489 1237 est,

194 1241 415 1297 quomodo
454 1257 521 1284 me
558 1244 709 1297 putem
745 1242 942 1298 potuisse
979 1241 1168 1297 defendi,
1213 1242 1250 1284 si
1288 1242 1487 1284 damnas-

195 1299 323 1343 sem?
385 1301 571 1344 Absolvi
608 1303 792 1343 matrem
824 1316 978 1343 meam.
1039 1301 1121 1343 hoc
1152 1298 1322 1344 non‘eo
1355 1302 1486 1357 perti-
1513 1313 1558 1345 20

195 1363 272 1402 net
302 1359 500 1414 fortasse,
531 1363 580 1402 ut
611 1360 832 1402 debuerim
865 1361 1030 1403 crimen
1061 1361 1296 1407 remittere.
1347 1361 1486 1403 multa

194 1419 450 1475 ignorantes
481 1420 684 1475 patimur.
734 1419 842 1462 mihi
875 1423 1013 1462 mater
1046 1420 1250 1462 innocens
1282 1420 1376 1462 visa
1407 1422 1487 1462 est.

173 1479 418 1529 ‚obiciebas
444 1482 493 1522 tu
520 1479 780 1521 adulterium
800 1503 857 1508 ——
876 1479 990 1521 nihil
1014 1493 1191 1521 necesse
1211 1482 1278 1521 est
1296 1482 1486 1522 tractare

195 1537 248 1580 de
281 1552 428 1593 causa,
466 1538 726 1593 praesertim
758 1552 855 1580 cum
887 1538 997 1580 nihil
1028 1539 1087 1580 sit
1118 1538 1314 1580 ablatum
1345 1539 1486 1581 defen-

196 1597 333 1640 sionis
366 1613 448 1640 -—:
482 1597 590 1639 mihi
623 1600 770 1639 tamen
804 1599 961 1651 omnia,
994 1611 1287 1653 quaecumque
1318 1598 1364 1640 in
1395 1613 1484 1640 ma·
1511 1609 1557 1641 25

194 1660 310 1699 trem
346 1672 486 1700 meam
517 1657 787 1711 dicebantur,
819 1656 1089 1699 incredibilia
1120 1659 1222 1699 sunt
1252 1657 1359 1700 visa.
1420 1672 1486 1699 re-

194 1716 379 1771 spuebat
410 1716 488 1759 illa
511 1716 565 1768 †.
587 1750 595 1758 .
617 1716 670 1768 .†
697 1716 837 1772 magis
871 1715 984 1771 apud
1017 1731 1085 1759 me
1118 1717 1278 1772 agebat
1310 1731 1485 1759 causam

194 1778 336 1819 mater
376 1790 490 1831 mea,
535 1775 696 1818 dicens:
742 1776 854 1818 »scis
895 1775 1111 1831 quomodo
1153 1779 1195 1818 te
1237 1776 1486 1831 amaverim,

291 1907 312 1939 2
340 1903 406 1940 iud
431 1907 513 1948 AB,
538 1905 664 1940 videre
689 1909 715 1940 P
740 1906 752 1949 11
778 1904 808 1939 si
833 1907 887 1938 Aa
905 1905 916 1949 ΙΙ
935 1905 1083 1940 utrum
1109 1905 1209 1950 A113
1237 1903 1485 1950 despiciendis

191 1954 282 1986 AnB
307 1953 318 1998 ΙΙ
343 1956 367 1987 4
392 1952 526 1999 debeo]
552 1952 674 1988 habeo
700 1954 726 1986 B
752 1953 763 1997 ΙΙ
785 1956 804 1987 7
831 1951 1034 1996 aliquando
1060 1954 1124 1986 AB
1150 1953 1161 1997 ΙΙ
1194 1955 1215 1987 8
1241 1951 1486 2000 (agendum)

193 1998 253 2034 Ro
278 2000 362 2042 esem
387 2003 448 2042 66,
467 2002 518 2035 20
542 2003 574 2034 et
599 2002 688 2041 203,
708 2002 730 2034 3
750 2000 761 2044 ΙΙ
781 2003 802 2034 9
828 1999 1077 2046 c[l]aritatem
1103 1999 1158 2035 Gr
1177 2001 1188 2045 Η
1207 1999 1246 2034 in
1272 2010 1338 2034 om.
1365 2002 1453 2034 ΔΕΒ
1473 2000 1486 2046 Η

196 2050 241 2082 12
265 2058 342 2082 non
365 2045 512 2095 <dum>
537 2047 594 2082 Ro
625 2048 637 2092 ΙΙ
671 2051 714 2082 13
739 2046 919 2082 iudicium
944 2050 1008 2080 ΔΒ
1034 2049 1046 2092 ΙΙ
1077 2051 1121 2082 14
1146 2047 1185 2082 in
1211 2058 1278 2083 om.
1303 2050 1330 2081 B
1359 2048 1370 2092 Η
1400 2059 1485 2083 con-

194 2102 328 2154 vimlm
350 2121 391 2162 Δ,
417 2117 634 2154 coniuctum
657 2120 695 2160 Β,
724 2117 952 2153 coniunctim
978 2121 1004 2151 P
1023 2119 1034 2163 Η
1063 2122 1104 2153 15
1131 2118 1323 2154 absolutus
1348 2121 1374 2152 B
1401 2120 1411 2164 Η
1438 2123 1482 2154 22

193 2165 416 2212 ignorantur
439 2168 482 2209 B,
515 2165 733 2210 ignoranter
757 2168 783 2198 P
808 2166 820 2211 ΙΙ
844 2165 1040 2201 innoscens
1065 2169 1118 2200 Aa
1143 2167 1154 2211 ΙΙ
1179 2165 1235 2201 vis
1259 2168 1285 2199 B
1312 2167 1323 2212 ΙΙ
1349 2170 1393 2202 23
1421 2166 1484 2202 ob-

194 2212 333 2248 itiabas
359 2215 390 2247 A
408 2214 419 2258 ΙΙ
439 2217 485 2248 24
503 2212 685 2257 fortasse*
707 2212 871 2248 solutum
890 2213 944 2248 vel
963 2212 1154 2249 sublatum
1174 2215 1184 2259 ΙΙ
1205 2217 1249 2249 27
1269 2213 1389 2257 illa-fn
1406 2242 1414 2250 .
1430 2217 1483 2258 .†,

190 2259 314 2307 magis
338 2259 396 2297 Ro
415 2261 427 2307 ΙΙ
447 2270 558 2297 causa
582 2262 721 2294 AB-I’
