1604 2488
415 110 840 148 DECLAMATIONES.
868 110 1090 148 CCLXXIV.
1309 110 1392 154 121

639 243 869 287 SERMO.

192 327 246 371 In
283 328 430 384 legum
469 318 796 384 comparatione
836 327 975 370 multa
1014 327 1164 383 quaeri
1201 331 1397 384 possunt,

107 387 183 430 sed
220 387 340 430 varie
377 387 423 430 in
462 402 630 444 quaque
671 387 976 430 controversia.
1037 387 1214 430 interim
1246 388 1397 443 quaeri

102 447 228 502 solet,
254 461 310 490 an
338 447 514 502 privata
539 447 688 502 altera,
715 447 855 489 altera
879 446 1052 502 publica
1073 446 1161 489 sit?
1188 449 1231 489 ct
1249 450 1395 490 utrum

102 506 310 549 militaris
343 507 493 562 altera,
534 506 673 549 altera
703 507 925 562 pertinens
958 505 1012 548 ad
1044 506 1190 548 civilia
1222 506 1396 550 officia?

101 565 173 608 hic
218 566 364 608 omnia
400 565 490 608 fere
529 568 671 608 cetera
706 566 832 621 paria
870 568 988 608 sunt:
1038 567 1138 608 utra
1169 566 1322 608 utilior
1354 570 1397 609 et

103 625 246 682 magis
278 625 523 668 necessaria
555 625 722 668 civitati
753 625 822 681 sit,
854 624 1147 680 quaerendum
1179 628 1258 668 est.

523 755 978 799 DECLAMATIO.

192 838 398 882 Nondum
435 854 526 882 rem
566 854 790 895 comparo:
834 840 1028 894 interim,
1069 842 1216 882 utrum
1255 841 1396 898 magis

102 899 396 942 necessarium
426 899 593 954 putatis
626 914 736 954 esse,
770 900 931 942 servari
965 914 1060 942 eam
1092 899 1253 957 legem,
1286 915 1396 956 quae

104 959 158 1001 ad
189 958 459 1014 sepulturam
492 958 675 1001 alicuius
706 958 940 1014 pertineat,
972 974 1027 1001 an
1059 973 1167 1014 eam,
1200 974 1309 1015 quae
1341 960 1396 1003 ad

101 1032 290 1074 poenam
331 1017 541 1073 tyranni?
584 1018 621 1060 si
658 1018 704 1060 in
740 1020 882 1060 totum
919 1019 990 1061 lex
1033 1018 1171 1061 altera
1200 1019 1397 1062 tollenda

103 1078 173 1133 sit,
196 1077 334 1120 necin
359 1091 563 1132 praesens
589 1077 719 1120 modo
746 1083 928 1134 tempus,
954 1078 1029 1120 sed
1056 1078 1102 1120 in
1127 1078 1396 1122 universum:

102 1136 194 1179 sine
231 1139 333 1179 utra
369 1136 546 1179 tandem
589 1137 760 1180 facilius
799 1138 952 1181 civitas
996 1137 1162 1180 stabit?
1212 1138 1396 1181 fulmine

102 1195 179 1239 icti
216 1198 266 1239 ut
303 1195 453 1238 eodem
484 1196 581 1239 loco
616 1197 898 1252 sepeliantur,
936 1212 1020 1253 quo
1055 1200 1157 1241 sunt
1187 1199 1394 1253 percussi,

103 1255 158 1297 ad
195 1270 326 1311 quam
363 1255 540 1299 tandem
582 1255 771 1299 civitatis
803 1257 997 1312 pertinet
1035 1257 1306 1300 utilitatem?
1351 1260 1397 1299 at

101 1314 273 1357 hercule
318 1317 368 1357 ut
404 1315 649 1370 insepultus
689 1315 900 1358 abiciatur
937 1319 1148 1372 tyrannus
1156 1350 1167 1372 ‚
1213 1317 1267 1359 ad
1305 1316 1396 1359 vin-

104 1373 282 1428 dictam,
328 1374 383 1416 ad
422 1374 699 1417 securitatem
735 1376 940 1430 pertinet.
999 1390 1090 1418 non
1128 1376 1236 1418 satis
1274 1379 1398 1432 puta-

104 1435 260 1475 verunt
284 1433 484 1488 maiores,
511 1447 583 1476 eas
609 1448 772 1489 poenas
799 1434 1005 1478 adversus
1031 1438 1269 1491 tyrannum
1296 1450 1396 1478 con-

104 1493 298 1547 stituere,
330 1506 437 1548 quas
469 1493 613 1548 possit
643 1493 839 1550 excipere
864 1494 910 1537 in
935 1495 1040 1539 vita.
1071 1495 1233 1538 multos
1252 1495 1394 1551 magis

102 1552 248 1607 tangit
274 1552 515 1608 sepultura3
543 1552 597 1595 ad
624 1553 936 1608 cogitationem
962 1556 1064 1610 post
1085 1569 1129 1596 se
1149 1554 1396 1597 futurorum

101 1610 298 1667 plerique
324 1611 500 1668 gravius
526 1615 766 1655 moventur.
798 1613 931 1656 vultis
952 1613 1096 1657 scire?
1118 1629 1190 1656 -ε
1215 1617 1396 1670 propter

102 1670 185 1714 hoo
215 1670 426 1727 litigatur.
477 1672 544 1714 est
576 1684 679 1727 ergo
712 1672 874 1715 utilior.

192 1728 334 1780 Quid?
367 1731 406 1773 si
431 1730 484 1773 de
509 1745 560 1774 eo
587 1732 834 1787 quaerimus
859 1732 1003 1789 hodie,
1036 1733 1089 1775 ad
1116 1747 1246 1788 quem
1264 1733 1396 1790 leges,

100 1789 187 1832 nisi
218 1789 265 1831 in
295 1803 480 1844 poenam
513 1790 604 1833 eius
636 1791 835 1847 scriptae,
865 1806 954 1835 non
985 1793 1236 1848 pertinent?
1276 1794 1395 1836 exuit

103 1863 148 1891 se
178 1851 405 1905 tyrannus,
446 1850 546 1892 dum
578 1850 727 1906 erigit3
761 1866 892 1907 supro
924 1852 1045 1908 leges
1078 1852 1183 1907 <se>
1218 1853 1395 1909 [im]po—

99 1907 243 1951 nendo
276 1910 400 1951 extra
430 1908 530 1951 illas
564 1923 609 1951 se
639 1910 804 1966 posuit:
835 1910 1058 1954 hominem
1087 1911 1282 1954 occidere
1307 1927 1396 1955 non

99 1966 220 2010 licet:
257 1969 496 2022 tyrannum
537 1969 659 2023 licet;
698 1983 948 2025 expugnare
987 1970 1162 2013 domum
1200 1970 1267 2013 fas
1307 1985 1396 2014 non

101 2028 184 2069 est:
224 2041 367 2069 arcem
408 2028 671 2084 expugnabit
703 2029 892 2083 optimus
926 2030 1125 2085 quisque3
1163 2029 1396 2074 insidiatus

198 2159 219 2191 3
251 2153 445 2192 interim
471 2159 502 2190 A
533 2157 544 2202 ss
577 2161 620 2192 13
653 2157 748 2192 haec
774 2169 893 2203 praes.
920 2161 996 2202 AB,
1023 2170 1116 2195 corr.
1142 2160 1218 2196 Aer
1248 2161 1260 2206 ΙΙ
1293 2164 1337 2195 14
1364 2169 1393 2215 q

101 2216 134 2248 A
162 2215 176 2258 fl
209 2214 242 2250 si
265 2216 400 2251 neutra
425 2218 452 2249 B
472 2218 484 2262 ΙΙ
508 2219 553 2251 25
579 2215 744 2251 *eximit
769 2215 816 2261 (ἓ)
837 2219 913 2263 [126
940 2218 980 2253 et
1004 2230 1053 2254 er.
1080 2221 1157 2264 AB,
1182 2229 1275 2255 corr.
1301 2219 1360 2255 Ro
1383 2219 1396 2266 Η

102 2259 301 2344 ἓεὲ>οέγῖν
326 2262 631 2345 [ΙΑὲωῂοῃεῃᾶο
657 2263 706 2299 Ρὶ
724 2265 736 2310 Η
755 2266 799 2299 28
826 2266 883 2301 fas
910 2268 967 2301 est
991 2269 1044 2300 Aa
1063 2267 1075 2311 ΙΙ
1095 2270 1139 2303 29
1166 2266 1396 2313 expugnavit

1424 911 1467 943 10

1424 1209 1467 1241 15

1421 1506 1467 1538 20

1421 1803 1467 1835 25
