1604 2488
195 737 237 767 10

195 1026 237 1058 15

191 1398 236 1430 20

191 1733 235 1765 25

266 99 352 139 124
745 99 1045 142 QUINTILIANI

265 206 538 247 cremandum
576 221 727 261 corpus
765 208 1008 249 universum
1044 212 1314 262 putaverunt.
1380 212 1525 254 existi-

264 264 392 305 matis
417 264 558 305 locum
583 265 703 306 illum
729 266 895 319 corpori
915 266 1090 308 datum?
1120 267 1286 310 fulmini
1305 269 1427 312 datus
1449 273 1525 313 est.

351 322 436 375 „At
459 324 668 376 tyrannus
692 322 870 365 fulmine
895 338 1117 377 percussus
1138 325 1238 367 est.“
1267 325 1362 369 Hoc
1384 329 1524 384 magis

266 381 409 420 omnia
425 380 623 436 religiose
649 384 692 422 et
717 395 812 423 cum
838 396 940 423 cura
958 382 1132 424 deorum
1151 383 1288 426 facere
1308 385 1522 428 debemus.

351 437 458 490 „Sed
483 438 528 480 in
556 438 648 480 foro
675 439 902 493 sepelietur
925 438 1185 494 tyrannus?“
1205 443 1350 497 [quam
1363 444 1521 498 magis]

265 495 371 536 mihi
402 497 513 537 inter
545 499 684 538 cetera
715 498 843 539 etiam
874 498 956 539 hoc
987 513 1152 552 quoque
1182 501 1397 554 provisum
1429 516 1521 544 esse

266 553 356 595 fato
389 568 414 596 a
446 553 526 595 diis
558 552 854 597 inmortalibus
886 555 1065 610 videtur,
1096 558 1206 611 quod
1233 558 1298 599 illi
1328 559 1422 602 loco
1455 560 1522 601 de-

265 611 446 653 stinatus
485 615 562 654 est.
627 627 751 654 nemo
794 614 901 655 inire
939 614 1079 656 forum
1115 618 1309 657 nostrum
1350 619 1524 672 poterit,

264 670 365 724 quin
390 670 535 711 videat
559 670 666 712 illud
692 672 942 725 sepulcrum.
972 673 1167 726 protinus
1191 675 1304 716 enim
1323 678 1525 730 sequatur

265 728 466 782 cogitatio
497 742 670 770 necesse
701 732 783 771 est:
814 732 1018 784 tyrannus
1050 730 1132 772 fuit
1162 731 1245 785 ille,
1276 734 1319 773 et
1345 732 1526 775 fulmine

262 785 371 827 ictus
398 789 474 840 est,
506 789 548 827 et
572 787 626 828 ob
652 786 733 829 hoc
758 801 916 841 poenas
953 788 1030 830 diis
1060 789 1372 832 immortalibus
1397 791 1524 833 dedit.

263 844 459 897 quotiens
489 845 641 886 noxios
673 846 786 887 cruci
815 846 1000 901 figimus,
1031 847 1326 890 celeberrimae
1361 848 1526 904 eligun-

261 904 333 943 tur
369 902 482 956 viae,
520 902 594 943 ubi
630 903 803 957 plurimi
839 904 1012 958 intueri,
1055 905 1229 959 plurimi
1266 908 1525 949 commoveri

261 958 344 1000 hoc
373 962 489 1001 metu
519 961 699 1014 possint.
758 963 895 1004 omnis
927 963 1038 1004 enim
1069 977 1207 1016 poena
1235 978 1322 1006 non
1351 968 1439 1006 tam
1471 965 1525 1006 ad
1557 1007 1568 1019 ‚

263 1017 554 1071 <vin>dictam
585 1019 789 1074 pertinet,
822 1034 948 1074 quam
981 1021 1035 1062 ad
1066 1022 1316 1076 exemplum.

774 1133 1034 1178 CCLXXV.

503 1203 653 1246 Heres
685 1204 743 1246 ob
775 1203 1045 1247 adulterum
1076 1205 1292 1248 fratrem.

263 1272 350 1322 QUI
389 1284 447 1315 0ss
484 1285 790 1316 ADULTERIUM
820 1286 1054 1317 PECUNIAM
1084 1287 1356 1329 ACCEPERIT,
1391 1288 1523 1320 IGNO-

378 1342 592 1374 MINIOSUS
625 1343 710 1374 SIT.
763 1332 902 1376 Maior
930 1333 1063 1375 frater
1094 1334 1303 1376 minorem
1333 1335 1378 1376 in
1408 1335 1525 1378 adul-

378 1390 487 1431 terio
526 1390 811 1444 deprehendit.
871 1406 949 1445 pro
981 1391 1087 1446 <eo>
1118 1395 1297 1448 rogante
1327 1394 1450 1448 patre
1482 1397 1526 1436 et

379 1448 689 1490 abdicationem
721 1449 810 1491 eius
842 1450 1136 1504 promittente,
1174 1450 1347 1493 dimisit.
1408 1451 1523 1493 abdi-

379 1509 499 1547 catus
525 1508 591 1547 est
617 1507 794 1549 adulter.
825 1510 994 1550 mortuo
1018 1510 1141 1562 patre
1166 1509 1364 1551 inventus
1387 1509 1526 1564 heres,

381 1564 454 1618 qui
486 1564 839 1618 deprehenderat:
871 1566 1181 1620 ignominiosus
1213 1567 1379 1609 dicitur.

677 1644 1115 1688 DECLAMATIO.

350 1712 443 1762 Qui
485 1714 752 1768 pecuniam
797 1716 856 1757 ob
903 1716 1209 1758 adulterium
1253 1717 1524 1772 acceperit,

261 1771 640 1826 ignominiosus
672 1773 748 1814 sit.
790 1772 914 1815 Hanc
944 1774 1084 1830 legem
1111 1774 1312 1817 adversus
1343 1789 1415 1817 eos
1439 1776 1522 1829 pri—

260 1844 377 1871 mum
409 1830 687 1872 constitutam
719 1845 811 1873 esse
843 1831 955 1885 dico,
995 1833 1068 1886 qui
1098 1833 1320 1887 pecuniam
1353 1847 1522 1887 accepe-

239 1885 377 1941 'runt‚
414 1890 462 1929 ut
499 1888 753 1930 adulterium
791 1891 1147 1945 committeretur,
1188 1890 1366 1945 ideoque
1402 1891 1522 1946 igno—

260 1945 436 1987 miniam
469 1946 726 2001 adiunctam,
758 1947 870 2002 quod
900 1948 1144 1990 viderentur
1172 1963 1262 1990 rem
1292 1949 1441 1991 fecisse
1466 1949 1520 1990 le-

356 2030 372 2059 1
401 2025 613 2062 existimans
632 2029 670 2070 B,
697 2027 948 2062 existimamus
966 2031 992 2061 Ρ
1010 2028 1022 2072 [Ι
1042 2031 1062 2062 5
1087 2039 1198 2071 quam
1222 2038 1287 2064 om,
1301 2031 1343 2071 1²3
1368 2027 1522 2073 *[qua.m

258 2072 413 2117 magis];
438 2073 503 2107 ubi
527 2073 672 2118 magis?
698 2073 763 2116 Gr,
796 2074 877 2118 quis
901 2074 1044 2118 magis?
1069 2074 1126 2109 Ro
1145 2075 1156 2119 ΙΙ
1183 2078 1203 2110 ’1
1227 2074 1326 2109 facto
1351 2077 1435 2108 AaB
1460 2075 1472 2119 fl
1497 2077 1519 2109 8

257 2119 383 2163 potest
407 2121 482 2163 AB,
508 2129 599 2155 corr.
623 2119 681 2154 Ro
699 2119 711 2164 ΙΙ
730 2123 750 2154 9
775 2120 880 2155 illum
906 2123 958 2154 Aa
977 2122 988 2166 Η
1005 2132 1059 2166 pr.
1086 2131 1170 2156 eum
1195 2131 1293 2165 sequ.
1320 2124 1447 2156 auctor
1465 2122 1521 2156 in-

258 2167 374 2200 certus
398 2175 457 2209 ap.
485 2165 535 2200 Pi
553 2166 564 2211 ΙΙ
585 2169 625 2200 11
651 2175 785 2210 penam
809 2169 836 2199 B
855 2168 867 2212 Η
888 2170 929 2201 15
956 2167 1096 2202 dictum
1119 2169 1196 2208 AB,
1221 2177 1311 2202 corr.
1325 2166 1434 2209 Ram
1459 2167 1521 2202 de-

257 2210 387 2246 lictum
411 2211 486 2246 Aer
513 2213 524 2256 ΙΙ
555 2220 596 2248 Ν
623 2215 654 2246 Δ
681 2214 692 2258 ΙΙ
720 2216 765 2248 20
789 2212 889 2260 (eo)
917 2213 966 2248 Pi
993 2215 1004 2259 ΙΙ
1021 2217 1067 2248 23
1093 2212 1378 2258 deprehenditur
1401 2214 1522 2259 31125

258 2257 342 2295 adv.
369 2258 425 2293 est
447 2270 503 2303 pr.
530 2262 583 2293 Aa
601 2260 612 2304 ΙΙ
631 2263 675 2294 26
702 2259 783 2295 dieo
809 2271 872 2295 om.
899 2262 925 2293 B
