1604 2488
175 517 194 547 5

155 890 198 920 10

154 1178 196 1209 15

153 1469 197 1500 20

151 1758 195 1788 25

221 124 276 165 92
698 123 999 166 QUINTILIANI

704 229 1000 273 chxvnI.

443 308 635 365 Orator,
666 310 900 366 medicus,
931 310 1258 365 philosophus,

222 390 493 434 Contendunt
530 395 692 446 orator,
722 392 928 446 medicus,
957 392 1237 446 philosophus
1270 391 1320 434 de
1350 393 1475 435 bonis

337 450 484 504 patris,
510 451 582 504 qui
606 453 863 492 testamento
890 464 984 491 eum
1009 449 1208 492 heredem
1231 451 1473 505 reliquerat,

339 508 410 562 qui
442 522 486 550 se
516 509 741 563 probasset
773 508 955 563 amplius
985 507 1184 562 prodesse
1214 507 1387 550 civibus.

634 622 1068 666 DEOLAMATIO.

309 704 397 746 Lex
428 706 712 747 contentionis
744 708 787 747 et
817 705 1001 747 formula
1026 707 1069 746 et
1094 717 1218 746 omne
1242 705 1477 758 praescrip-

226 765 314 803 tum
358 777 408 804 ex
451 766 708 805 testamento
751 763 887 817 patris
927 762 1099 817 pendet:
1149 762 1264 804 cuius
1295 762 1360 804 vis
1390 777 1476 804 non

223 824 288 861 est
319 835 380 871 ea,
412 824 459 862 ut
489 824 729 875 quaeratur,
760 835 867 875 quae
891 821 1100 875 professio
1126 835 1177 861 ex
1199 820 1358 862 nostris
1384 834 1477 874 spe—

223 878 459 931 ciosissima
496 879 771 934 (quamquam
809 879 870 920 sic
908 893 1074 933 quoque
1110 876 1360 934 vincerem),
1401 877 1476 919 sed

223 950 329 990 quae
368 936 533 978 civitati
572 937 630 978 sit
659 937 902 978 utilissima.
961 936 1069 977 nihil
1101 939 1166 977 est
1198 948 1318 990 ergo,
1362 935 1473 990 quod

221 994 392 1048 ingenia
428 995 605 1048 iactent,
647 994 755 1036 nihil
793 994 903 1049 quod
940 1007 991 1035 ex
1028 994 1170 1035 animo
1202 1007 1277 1035 suo
1307 996 1474 1034 tantum

221 1052 426 1093 referant:
458 1053 687 1106 quaeritur,
719 1052 811 1106 quis
844 1052 1039 1094 omnibus
1070 1051 1218 1106 prosit.
1258 1051 1314 1092 sit
1337 1050 1474 1105 philo-

223 1109 373 1164 sophia
398 1125 466 1151 res
493 1125 674 1151 summa:
701 1110 753 1151 ad
778 1123 936 1164 paucos
962 1109 1163 1163 pertinet3
1195 1109 1253 1150 sit
1277 1109 1474 1163 eloquen-

222 1168 285 1209 tia
326 1182 394 1210 res
439 1168 718 1210 admirabilis:
762 1182 848 1209 non
883 1167 1077 1221 pluribus
1117 1166 1305 1220 prodest,
1348 1181 1475 1220 quam

221 1228 358 1267 nocet.
397 1226 489 1267 sola
521 1230 586 1267 est
616 1226 837 1279 medicina,
867 1240 950 1280 qua
976 1239 1080 1278 opus
1107 1225 1164 1266 sit
1188 1224 1396 1267 omnibus.
1434 1227 1477 1266 et

222 1286 389 1336 patrem
420 1298 585 1339 quoque
610 1287 805 1325 nostrum
830 1283 873 1324 id
898 1283 1096 1336 voluisse,
1126 1286 1174 1324 ut
1197 1282 1319 1335 hanc,
1349 1296 1474 1336 quam

221 1341 266 1382 in
298 1342 568 1383 contentione
607 1341 828 1396 reliquisse
859 1341 1042 1395 videtur,
1077 1342 1243 1394 partem
1275 1339 1475 1394 quodam-

222 1399 346 1441 modo
379 1399 544 1442 civitati
576 1400 708 1453 daret,
739 1399 1011 1440 manifestum
1042 1402 1118 1439 est.
1166 1412 1252 1440 non
1283 1398 1365 1439 sibi
1395 1397 1476 1439 uti-

223 1457 452 1512 lissimum,
494 1472 580 1499 non
618 1457 763 1499 amicis
800 1456 1093 1511 utilissimum,
1133 1469 1221 1498 non
1263 1455 1312 1496 de
1353 1458 1476 1511 patre

222 1515 381 1568 optime
413 1516 631 1557 meritum:
667 1515 836 1570 proprie
867 1515 967 1568 quid
996 1514 1106 1555 ferre
1137 1528 1187 1555 ex
1216 1515 1474 1555 testamento

222 1587 297 1614 suo
336 1573 488 1626 voluit,
537 1574 610 1627 qui
648 1574 778 1615 fuerit
814 1573 931 1614 utilis
963 1572 1138 1613 civitati.
1199 1584 1302 1625 ergo
1334 1574 1376 1613 et
1406 1585 1475 1612 ae—

222 1630 406 1684 qualiter
443 1631 495 1672 ad
533 1645 678 1672 omnes
710 1630 920 1672 medicina
952 1630 1042 1670 sola
1072 1630 1256 1683 pertinet
1288 1632 1330 1671 et
1358 1629 1476 1670 nulla

220 1691 311 1729 tam
350 1690 590 1730 necessaria
627 1692 691 1730 est
728 1688 843 1730 omni
881 1688 1026 1741 generi
1065 1687 1304 1740 hominum,
1346 1700 1474 1740 quam

220 1745 440 1788 medicina.
489 1746 671 1801 Reliqua
703 1746 978 1788 conferamus.

308 1805 371 1845 Ac
403 1804 508 1845 mihi
539 1805 722 1858 primum
756 1803 965 1858 agendum
997 1806 1062 1844 est
1093 1816 1188 1843 cum
1218 1801 1349 1844 fratre
1379 1800 1475 1856 phi-

219 1862 414 1916 losopho,
447 1863 565 1904 cuius
597 1877 676 1917 ego
708 1862 752 1903 in
783 1861 989 1903 hodierna
1019 1859 1289 1902 contentione
1320 1874 1476 1913 propo-

220 1921 350 1962 situm
381 1921 528 1962 mirari
560 1921 666 1962 satis
697 1934 783 1962 non
813 1933 1000 1974 possum.
1038 1917 1145 1960 nihil
1172 1918 1284 1959 enim
1309 1917 1482 1959 videtur·

316 2027 336 2056 5
362 2023 464 2067 prob.
493 2034 588 2067 amp.
614 2023 753 2070 phasse
778 2022 846 2057 civ.
873 2025 919 2066 A,
953 2021 1126 2066 prodesse
1151 2020 1261 2065 ampl.
1285 2019 1477 2064 probasset

220 2068 287 2104 civ.
314 2071 340 2102 B
371 2070 383 2113 {l
413 2073 433 2103 9
461 2080 554 2114 quae
578 2068 758 2114 professio
783 2079 848 2103 om.
873 2071 900 2101 Β
931 2068 942 2112 ΙΙ
975 2071 1013 2102 11
1041 2066 1114 2101 sint
1136 2070 1166 2100 A
1184 2068 1196 2111 ΙΙ
1228 2070 1270 2100 12
1296 2063 1389 2100 nihil
1414 2077 1472 2108 qu.

219 2115 266 2150 ad
292 2116 427 2150 amicos
453 2127 536 2150 suos
561 2118 587 2150 t.
612 2115 677 2151 ref.
703 2114 761 2150 Ro
790 2116 801 2158 ΙΙ
834 2119 876 2150 13
901 2113 1111 2149 hominibus
1135 2116 1161 2146 P
1185 2113 1197 2157 ΙΙ
1221 2112 1270 2147 sit
1292 2122 1356 2146 om.
1379 2111 1475 2162 Beni!

221 2165 263 2196 16
289 2172 383 2206 quae
408 2165 433 2196 B
465 2164 476 2206 ΙΙ
507 2166 549 2196 21
582 2160 770 2206 proprium
802 2164 927 2196 auctor
957 2161 1113 2196 incertus
1143 2170 1200 2203 ap.
1228 2158 1293 2200 1223
1334 2157 1475 2202 proprsi

217 2219 275 2255 Ro
294 2220 306 2263 ΙΙ
324 2223 368 2254 26
389 2221 445 2254 est
464 2219 646 2254 confratre
664 2223 687 2252 c
706 2221 716 2263 ΙΙ
736 2223 780 2254 28
806 2218 902 2254 enim
917 2207 970 2253 Tit
993 2229 1031 2253 re
1055 2217 1146 2262 phil.
1171 2221 1213 2259 Β,
1239 2216 1336 2251 enim
1361 2215 1476 2250 habet

217 2266 255 2300 in
280 2267 341 2311 ph.
367 2269 404 2309 P,
430 2266 526 2301 enim
552 2266 666 2300 habet
689 2266 749 2310 ph.
778 2269 800 2298 c
