1578 2470
410 127 836 165 DECLAMATIONES.
863 128 1085 165 CCCLXIV.
1303 128 1390 171 395

221 239 290 280 ter
320 237 372 281 de
405 240 555 294 stupro
588 237 734 280 uxoris
766 237 934 280 adiecto
965 238 1107 293 pretio
1138 237 1387 294 appellatus

217 297 490 353 vestiplicam
523 297 724 340 dominae
749 297 903 339 habitu
929 297 1061 340 misit.
1105 297 1247 340 malae
1274 299 1388 340 trac-

219 357 401 399 tationis
433 371 532 400 reus
564 359 642 400 est.

623 474 857 518 SERMO.

189 557 374 601 Maritus
405 559 484 602 illo
518 559 662 602 colore
693 558 986 601 defendendus
1019 560 1102 613 est,
1139 561 1190 601 ut
1219 558 1388 601 dicatur
1414 568 1435 600 5

97 617 232 660 fuisse
263 618 449 674 diligens
475 621 623 661 custos
649 618 882 674 pudicitiae
907 618 1068 672 uxoris,
1099 621 1257 660 natura
1283 632 1387 674 quo-

98 692 181 733 que
214 678 427 720 sollicitus
460 682 504 720 et
535 678 721 720 sedulus.
754 692 851 719 cum
883 680 997 720 esset
1026 677 1078 720 de
1108 679 1259 732 stupro
1286 692 1387 720 uxo-

95 737 157 779 ris
196 737 462 792 appellatus,
500 737 759 780 admiratum
801 738 970 779 tantam
1006 737 1223 793 peregrini
1255 751 1387 793 nego-

96 796 271 838 tiatoris
304 796 546 852 audaciam3
580 811 678 839 cum
710 795 861 838 deinde
893 797 1026 838 etiam
1057 797 1287 852 repetitus,
1321 811 1387 838 su-

98 855 256 910 spicari
293 856 458 912 aliquid
495 857 626 898 etiam
664 855 716 898 de
754 870 887 898 uxore
920 855 1132 911 coepisse:
1174 858 1388 911 quantum
1415 866 1459 898 10

95 929 210 957 nunc
252 918 483 971 appareat,
529 929 631 958 suae
676 917 858 957 naturae
894 915 1043 970 potius
1083 915 1212 971 vitio,
1255 930 1387 971 quam

97 973 227 1029 culpa
251 974 411 1017 uxoris.
453 989 551 1017 cum
575 989 677 1017 vero
702 974 833 1017 tertio
861 989 1030 1030 quoque
1055 974 1242 1018 instaret
1267 974 1387 1017 adul-

94 1034 180 1087 ter,
216 1047 306 1075 non
336 1034 532 1088 potuisse
563 1033 838 1076 dissimulare
870 1034 1161 1089 suspicionem
1193 1036 1236 1076 et
1268 1034 1382 1076 solli-

95 1091 330 1135 citudinem
372 1107 507 1135 suam.
569 1093 717 1149 itaque
749 1093 851 1148 quia
881 1096 1057 1148 putaret
1089 1093 1252 1149 aliquid
1285 1096 1385 1136 ante

97 1165 195 1194 cum
227 1166 308 1194 sua
338 1167 472 1195 uxore
503 1153 697 1195 locutum
723 1152 969 1195 adulterum
994 1167 1071 1208 per
1098 1153 1386 1208 vestipficam,
1414 1163 1456 1195 15

98 1210 331 1253 advocasse
362 1211 486 1254 illam
518 1215 563 1255 et
594 1212 824 1267 quaesisse,
855 1227 961 1254 num
994 1212 1159 1267 aliquid
1184 1212 1236 1254 de
1264 1212 1384 1254 adul-

93 1269 207 1312 terio
252 1270 393 1314 sciret.
470 1271 594 1314 illam
636 1271 928 1327 respondisse,
972 1272 1244 1314 innocentem
1290 1286 1384 1314 esse

96 1327 319 1371 dominam
357 1333 402 1373 et
441 1345 496 1373 ne
526 1333 678 1373 notam
711 1330 886 1386 quidem
917 1330 1200 1386 negotiatori:
1238 1331 1384 1373 »deni-

98 1402 181 1443 que
207 1388 244 1431 si
269 1387 456 1445 dubitas,
480 1404 549 1431 me
575 1390 722 1432 uxoris
748 1391 848 1432 tuae
874 1389 1029 1433 habitu
1054 1390 1196 1432 mitte:
1223 1390 1384 1445 videro,

94 1462 151 1489 an
181 1448 322 1503 possit
351 1448 633 1492 discernere‹.
1406 1460 1451 1492 20

595 1589 878 1635 CCCLXIV.

362 1671 668 1716 conviciator
698 1685 878 1729 pauper
909 1673 1110 1717 occisus.

93 1754 266 1811 Pauper
300 1756 354 1799 ad
386 1756 533 1799 divitis
566 1757 743 1800 domum
773 1760 899 1800 nocte
932 1757 1166 1800 conviciari
1199 1757 1381 1800 solebat.

211 1816 399 1871 quodam
440 1818 636 1871 tempore
673 1817 793 1859 dives
831 1818 1043 1872 processit
1081 1820 1141 1871 et,
1187 1817 1380 1859 insanire

212 1890 310 1918 eum
350 1875 516 1930 dicens,
561 1876 707 1918 decem
741 1877 875 1918 servis
908 1876 1157 1932 imperavit,
1200 1879 1250 1917 ut
1283 1891 1380 1918 eum
1406 1888 1451 1920 25

214 1934 389 1977 domum
429 1934 644 1977 ducerent.
707 1950 803 1977 cum
835 1935 972 1977 isdem
1005 1935 1172 1976 occisus
1204 1938 1379 1989 postero

213 1993 280 2035 die
311 1994 514 2036 inventus
545 1997 622 2037 est.
666 1993 784 2037 dives
816 1994 960 2036 caedis
991 2008 1089 2036 reus
1122 1996 1200 2037 est.

166 2114 188 2145 3
214 2111 273 2146 est
297 2121 364 2147 om.
390 2113 417 2145 B
436 2111 450 2156 11
468 2114 490 2146 8
510 2110 717 2146 admiratus
735 2113 776 2155 Δ,
803 2110 1011 2147 admiratur
1029 2114 1067 2155 B,
1094 2123 1186 2148 corr.
1207 2111 1284 2147 Aer
1301 2112 1314 2157 ΙΙ
1335 2116 1378 2147 10

91 2157 238 2203 aliquid
262 2169 328 2194 om.
355 2161 382 2192 B
414 2160 426 2204 ΙΙ
458 2158 618 2203 cepisset
642 2161 668 2192 P
698 2159 711 2203 ΙΙ
743 2162 788 2193 14
813 2170 887 2203 qua
912 2161 966 2193 Aa
996 2160 1007 2205 ΙΙ
1041 2162 1179 2195 18-19
1206 2159 1377 2204 denique,

89 2204 378 2288 5{z}‡t{‚⁸Sch
402 2206 414 2250 ss
445 2209 490 2241 18
515 2207 637 2242 totam
662 2208 689 2239 B
714 2207 727 2251 [1
754 2209 797 2241 19
829 2206 1002 2242 habitum
1025 2210 1052 2241 B
1077 2209 1089 2253 ss
1114 2211 1159 2243 27
1185 2206 1287 2242 diem
1312 2210 1342 2241 Δ
1367 2211 1379 2253 1³4
