1604 2488
151 129 157 132 ·
220 112 307 154 264
710 110 1009 153 QUINTILIANI

221 234 415 262 mensam
457 233 613 273 meam,
657 218 769 260 inter
809 217 1009 260 convivas
1049 231 1166 260 meos
1205 219 1369 273 expirat
1405 218 1486 261 fra-

222 279 290 319 ter
331 292 468 319 meus:
523 277 568 318 in
617 290 740 331 quem
796 275 931 317 scelus
974 275 1291 318 translaturus?
1360 291 1485 330 quem

223 335 402 377 deorum
445 335 747 389 hominumque
790 333 1091 375 invocaturus?
1138 347 1222 376 non
1258 333 1341 376 fuit
1384 348 1486 390 ergo

223 394 342 435 locus
371 393 570 447 idoneus,
612 407 699 434 non
735 391 816 433 fuit
853 393 1032 445 tempus.
1087 391 1222 445 adice,
1260 392 1372 446 quod
1404 406 1484 448 ego

173 463 193 492 5
225 451 401 493 daturus
444 465 652 493 venenum
689 450 811 504 potui
847 450 1015 503 timere,
1054 463 1106 490 ne
1144 449 1485 504 deprehenderer,

222 523 276 551 ne
307 509 603 563 praesentiret,
632 522 686 550 ne
718 507 1000 562 intellegeret,
1030 521 1083 548 ne
1114 507 1256 549 colore
1274 522 1482 550 venenum

223 567 579 621 deprehenderet,
630 581 683 608 ne
727 580 810 620 qua
852 566 918 607 vis
962 565 1104 607 odoris
1148 579 1192 606 se
1234 566 1485 608 ostenderet.

221 625 330 666 nulli
362 639 572 667 venenum
602 624 773 666 facilius
805 623 896 665 dari
926 625 1085 677 potest,
1122 637 1248 678 quam
1279 625 1350 678 qui
1381 625 1486 666 acci-

221 683 288 736 pit
317 683 464 738 utique
496 685 718 737 tamquam
749 682 1118 724 medicamentum.
1170 680 1287 736 Ergo
1318 682 1485 723 nullum

151 752 194 782 10
224 741 449 782 consilium
483 741 656 783 sceleris
687 740 772 782 mei
804 742 878 782 est.
929 742 974 781 at
1005 740 1068 781 tui
1099 741 1259 794 quanta
1289 740 1485 782 occasio?

223 813 480 853 quamquam
513 799 563 840 de
594 799 674 840 hac
698 800 850 853 postea
874 798 1036 852 loquar.
1081 797 1255 852 paulum
1281 797 1393 839 enim
1418 811 1486 839 me

220 857 470 911 interpellat
507 856 628 911 ordo,
669 859 717 898 ut
754 856 859 897 illud
897 855 1203 897 defendendum
1235 855 1486 909 existimem,

222 915 335 968 quod
373 914 548 957 fratrem
587 929 728 956 meum
768 914 828 956 ait
867 913 1139 967 suspicatum.
1199 915 1297 955 ante
1329 913 1485 967 omnia,

220 972 392 1027 iudices,
424 973 536 1027 quod
569 973 625 1014 sit
656 972 761 1019 illud
795 971 1045 1025 suspicionis
1077 984 1210 1026 genus
1242 985 1328 1012 non
1358 970 1483 1012 intel-

152 1041 192 1071 15
221 1030 330 1085 lego.
369 1034 598 1085 postquam
623 1030 804 1084 biberat,
834 1029 1046 1083 fingamus
1073 1029 1189 1071 cibos
1214 1028 1484 1082 redundasse,

221 1088 434 1143 fingamus
473 1089 659 1143 aliquem
705 1102 876 1129 sensum
913 1087 1164 1128 interiorum
1195 1086 1342 1128 fuisse:
1379 1085 1486 1127 haec

220 1148 366 1188 tamen
407 1146 550 1188 omnia
583 1146 773 1188 accidere
805 1146 934 1186 etiam
966 1159 1015 1186 ex
1047 1143 1264 1186 innocenti
1294 1144 1485 1186 convivio

220 1206 411 1258 possunt.
460 1203 570 1246 unde
604 1217 704 1258 ergo
738 1203 922 1257 suspicio
955 1202 1048 1244 est?
1071 1217 1141 1244 -ε
1172 1201 1283 1244 unde
1307 1201 1407 1244 illae
1434 1202 1486 1243 si-

222 1262 436 1315 multates,
465 1262 575 1304 unde
607 1262 682 1303 illa
712 1260 934 1303 discordia.

149 1354 193 1384 2ο
310 1342 445 1384 Simul
470 1345 512 1384 et
531 1342 635 1385 illud
655 1357 742 1396 vos,
767 1341 940 1396 iudices,
966 1341 1123 1383 intueri
1147 1342 1328 1396 oportet,
1354 1333 1487 1395 epota

219 1401 344 1442 huius
377 1401 551 1456 potione
583 1401 760 1442 fratrem
791 1414 933 1441 meum
959 1399 1159 1441 continuo
1185 1399 1366 1453 perisse:
1397 1413 1485 1441 non

219 1461 363 1513 potest
402 1458 532 1500 videri
571 1473 619 1501 eo
657 1472 818 1500 veneno
855 1458 1030 1512 perisse,
1067 1457 1111 1498 in
1149 1471 1232 1511 quo
1265 1459 1362 1498 ante
1393 1471 1484 1498 mo-

219 1519 411 1558 mentum
442 1517 592 1558 mortis
620 1516 805 1570 suspicio
830 1515 931 1567 fuit3
962 1529 1107 1557 verum
1132 1515 1238 1557 haec
1264 1529 1313 1556 ex
1338 1514 1484 1556 huius-

219 1574 334 1615 modi
371 1575 510 1616 causis
543 1577 637 1616 orta
669 1574 871 1628 suspicio,
913 1573 1204 1627 plenissimam
1235 1571 1484 1628 †defendi†

149 1642 193 1674 25
219 1632 370 1674 veneni
403 1634 668 1674 occasionem
701 1632 826 1673 dedit.
863 1631 1002 1684 prima
1032 1631 1119 1684 illa,
1152 1630 1264 1685 quod
1291 1630 1482 1672 habebas

220 1690 287 1732 cui
319 1689 527 1744 obiceres3
561 1691 695 1731 altera
719 1689 805 1742 illa,
838 1688 950 1743 quod
978 1687 1385 1742 qualem<cum>que
1409 1702 1483 1741 po-

219 1748 379 1790 tionem
418 1750 663 1802 accepturus
705 1750 797 1788 erat
832 1746 983 1787 frater:
1025 1746 1105 1787 etsi
1149 1745 1269 1786 illam
1313 1745 1482 1786 tristem

219 1806 325 1860 visu,
360 1805 441 1847 etsi
469 1806 590 1847 illam
610 1807 738 1859 gustu
760 1818 968 1859 asperam,
993 1803 1225 1844 bibendum
1245 1805 1310 1844 est
1329 1804 1484 1857 tamen,

220 1877 315 1905 cum
346 1863 460 1905 dicas
491 1863 735 1905 remedium.
780 1862 853 1903 sed
885 1861 985 1916 quid
1018 1875 1096 1916 ego
1129 1860 1317 1903 diutius?
1349 1860 1386 1902 si
1416 1875 1483 1903 ve-

149 1933 194 1964 30
220 1936 377 1965 nenum
416 1937 441 1964 a
470 1936 537 1963 me
570 1921 816 1975 accepisset,
846 1923 894 1962 tu
930 1933 1144 1962 sanasses:
1186 1933 1286 1961 nam
1318 1920 1361 1960 et
1389 1918 1483 1973 pol-

312 2073 332 2104 6
364 2080 432 2104 nec
465 2070 562 2105 olere
586 2072 612 2103 B
643 2070 656 2114 ΙΙ
688 2073 835 2104 11-12
861 2068 959 2104 enim
983 2067 1237 2112 interpellator
1262 2067 1308 2101 do
1333 2068 1359 2099 Β
1390 2066 1402 2110 ΙΙ
1419 2069 1477 2112 ι12

215 2116 322 2150 illum
346 2118 413 2149 AB
432 2117 444 2160 ΙΙ
465 2120 506 2151 17
532 2115 743 2151 innocentia
767 2118 854 2149 AaB
873 2117 886 2159 ῃ
905 2119 949 2150 20
972 2113 1138 2149 interiori
1162 2115 1252 2147 AaB
1275 2113 1287 2157 ΙΙ
1306 2113 1479 2156 compota

216 2165 242 2195 B
271 2162 284 2206 [l
312 2165 355 2196 22
383 2163 428 2198 eu
451 2166 476 2196 P
504 2163 515 2207 ΙΙ
543 2166 588 2197 24
612 2161 827 2207 plenissima
850 2164 876 2195 B
896 2162 907 2207 ΙΙ
935 2160 1122 2196 deferendi
1147 2159 1233 2202 Aer,
1257 2158 1478 2193 defendendi

217 2209 294 2244 edd.
304 2221 317 2250 ,·
340 2208 543 2252 praebendi
567 2209 624 2244 Ro
643 2210 655 2254 {l
674 2212 718 2243 26
745 2206 1103 2254 qualem<cum>que
1129 2205 1182 2241 Gr
1208 2206 1221 2250 ΙΙ
1248 2209 1292 2240 27
1318 2205 1349 2240 si
1375 2206 1414 2240 et
1437 2207 1479 2248 A,

221 2254 252 2290 si
277 2254 324 2290 ad
347 2257 385 2299 B,
411 2266 501 2291 corr.
527 2256 602 2290 Aer
628 2255 640 2300 ss
665 2259 709 2290 28
736 2255 766 2290 si
792 2254 837 2288 ad
863 2257 903 2298 Δ,
930 2254 960 2288 si
986 2257 1023 2289 et
1046 2256 1084 2297 B,
1109 2263 1198 2288 corr.
1225 2252 1300 2288 Aer
