1604 2488
428 99 855 138 DECLAMATIONES.
880 99 1107 137 cccxxm.
1324 99 1412 141 273

125 210 358 255 dicationis
413 210 628 265 accipiant
680 223 895 252 summam
950 209 1226 264 religionem,
1282 222 1414 263 opera

123 272 228 314 sunt
254 271 448 319 tantum:
481 268 694 312 dedicatio
726 270 792 311 est
823 268 914 324 illa,
944 283 1054 324 quae
1084 268 1213 311 deum
1237 267 1415 323 inducit,

125 343 236 386 qnae
279 328 380 372 sede
425 328 643 371 destinata
685 328 812 371 locat.
880 327 965 370 hoc
1003 327 1100 371 ideo
1140 327 1283 371 facere
1326 342 1415 370 non

123 389 378 444 cuicumque
415 388 704 444 permittitur,
734 387 822 431 nisi
858 388 1003 430 castae
1034 401 1208 443 manus,
1238 387 1324 430 nisi
1353 386 1416 430 fa-

126 447 313 491 miliaris
358 448 492 490 sacris
537 447 708 490 animus
752 446 997 490 accesserit:
1050 446 1264 489 dedicatio
1310 446 1415 489 solis
1441 456 1462 488 5

127 506 198 564 (ut
226 521 340 550 nunc
364 505 672 562 comperimus)
698 520 904 550 concessa
928 506 1283 549 Atheniensibus.
1314 505 1417 548 hinc

129 567 275 622 e[r]go
306 566 402 609 fieri
432 581 551 622 reor,
582 566 763 622 iudices,
794 566 927 621 quod,
958 580 1057 608 cum
1089 568 1330 609 ceterarum
1362 564 1419 608 ci-

126 626 334 670 vitatium
365 625 540 682 templa,
570 625 619 667 in
641 625 748 682 ipsis
773 626 919 681 posita
943 625 1137 681 urbibus,
1167 625 1418 681 frequenter

128 699 227 728 eum
259 685 367 727 totis
399 699 522 727 ruere
554 687 686 740 atque
717 685 887 727 incendi
918 684 1147 727 moenibus
1171 684 1419 739 viderimus,

104 745 253 788 -uulla
277 744 481 799 vindicta,
512 744 635 787 nulla
662 744 829 800 religio,
858 744 980 786 nulla
1011 758 1084 787 eos
1118 744 1193 799 qui
1225 743 1420 786 fecerant
1446 753 1491 786 10

130 804 348 859 supplicia
369 805 605 847 consecuta
630 803 738 859 sint,
769 803 841 846 hic
866 803 1143 858 sacrilegium
1168 802 1421 858 pestilentia

130 862 411 906 vindicatum.
473 862 786 906 dedicationem
817 863 950 918 <rex>
982 862 1248 905 destinabat:
1283 876 1421 918 neque

127 922 247 966 enim
273 922 401 965 aliter
426 922 584 964 saltem
610 922 824 978 templum
850 936 944 964 esse
970 922 1308 976 existimaverat,
1336 921 1423 964 nisi

128 981 416 1024 dedicaretur.
489 981 542 1023 de
596 995 866 1037 quocumque
909 981 1074 1037 templo
1118 981 1289 1036 loquor:
1338 980 1422 1023 hoc

129 1040 343 1096 templum
359 1054 449 1083 non
474 1040 713 1083 dedicabo?
740 1055 870 1096 quam
896 1040 1038 1083 multa
1058 1039 1198 1083 adhuc
1216 1039 1422 1083 remitto?
1450 1050 1493 1082 15

129 1101 252 1143 taceo
286 1099 392 1156 quid
416 1099 478 1142 dii
502 1099 740 1155 voluerint,
771 1102 896 1143 taceo
929 1099 1032 1155 quid
1061 1113 1271 1155 responsa
1301 1114 1422 1156 prae-

130 1162 376 1261 ffifflav
390 1159 1058 1273 h'ssssfflereoessffsssssvssffiunssi
1077 1159 1424 1260 ’Σῖἓῖἶῗιεέἓῖ

132 1277 359 1320 obsidione
383 1279 557 1320 tantum
583 1277 859 1319 Athenarum
883 1278 1153 1332 recessisset,
1183 1292 1329 1320 nonne
1355 1291 1424 1320 ae-

131 1335 447 1391 dificassemus,
487 1350 630 1379 nonne
673 1337 1050 1379 restituissemus?
1100 1337 1300 1392 equidem
1341 1350 1423 1394 ego
1450 1346 1495 1379 2ο

114 1395 335 1453 'omnibus
383 1396 546 1438 nostris
591 1396 725 1439 sacris
769 1396 1023 1439 crediderim
1066 1396 1208 1438 inesse
1252 1410 1425 1439 numen.

135 1454 317 1497 debetur
359 1454 442 1497 hoc
480 1454 816 1498 Atheniensium
854 1455 1041 1511 civitati,
1083 1455 1265 1498 debetur
1304 1458 1427 1498 vetu-

134 1513 330 1557 stissimo
368 1514 536 1570 generi,
575 1514 755 1557 debetur
792 1515 906 1570 solo,
943 1514 995 1557 de
1037 1529 1122 1570 quo
1153 1514 1426 1558 contendisse

135 1573 354 1629 quondam
379 1573 483 1616 deos
515 1574 787 1616 immortales
818 1589 907 1617 non
939 1575 1034 1617 sine
1059 1589 1190 1617 causa
1214 1574 1427 1617 creditum

135 1634 214 1675 est.
249 1634 410 1676 -eetera
443 1635 591 1675 tamen
623 1633 826 1688 opinione
858 1633 1071 1676 credimus
1104 1636 1148 1676 et
1179 1633 1428 1677 coniectura
1454 1644 1498 1676 25

135 1691 401 1748 colligimus:
438 1692 485 1735 in
515 1692 599 1735 hoc
629 1693 806 1735 numine
838 1693 1054 1736 sensimus
1085 1696 1308 1736 momenta
1339 1693 1427 1736 bel-

134 1750 289 1806 lorum,
319 1751 402 1794 hoc
432 1766 535 1807 pars
569 1753 754 1808 utraque
786 1753 1006 1809 cognovit,
1036 1752 1120 1796 hoc
1151 1767 1313 1796 numen
1345 1753 1429 1796 scit

232 1918 251 1949 1
278 1925 461 1951 summam
488 1915 680 1962 accipiant
703 1918 730 1949 Β
760 1916 775 1962 Ι]
806 1920 826 1951 2
860 1915 1108 1953 dedicationis
1133 1917 1202 1952 illa
1226 1919 1253 1951 B
1286 1919 1298 1963 11
1335 1921 1428 1952 2-3

133 1971 230 2007 quae
255 1972 295 1997 se
321 1962 414 1998 dest.
441 1965 468 1996 B
489 1963 501 2007 ΙΙ
521 1967 542 1997 3
567 1962 671 2009 ideo]
700 1977 723 1998 a
748 1964 818 1998 deo
843 1963 903 1999 Ro
921 1965 934 2008 11
953 1968 975 1998 4
996 1963 1129 2008 ουίᾳηεί
1155 1967 1181 1998 Β
1201 1966 1213 2009 ΙΙ
1239 1968 1331 2000 6-7
1358 1965 1430 2000 hoc

136 2019 225 2061 ergo
251 2010 328 2054 AB,
354 2020 446 2045 corr.
470 2010 528 2045 Ro
548 2011 561 2055 ΙΙ
581 2014 601 2045 7
630 2010 828 2045 civitatum
853 2013 880 2044 Β
900 2012 912 2056 fl
932 2015 953 2046 8
979 2011 1121 2056 templo
1141 2014 1172 2045 A
1189 2013 1203 2057 ΙΙ
1223 2015 1267 2047 10
1286 2012 1431 2047 nullam

134 2055 346 2092 vindictam
370 2059 397 2090 B
417 2057 430 2101 u
452 2060 494 2092 11
525 2058 612 2092 sunt
635 2059 715 2102 AB,
741 2068 832 2093 corr.
861 2058 915 2094 Gr
933 2059 945 2104 ΙΙ
966 2062 1009 2093 12
1036 2058 1325 2096 destinationem
1351 2062 1430 2103 AB,

134 2114 227 2140 corr.
256 2104 308 2139 Pi
334 2105 347 2150 ΙΙ
377 2103 500 2152 (rex)
526 2103 586 2140 Ro
618 2105 631 2149 ss
664 2108 708 2139 16
733 2105 833 2150 quod
859 2108 889 2140 A
919 2106 932 2151 ΙΙ
968 2106 1169 2142 voluerunt
1193 2109 1273 2152 AP3
1305 2107 1392 2151 fort.
1412 2107 1432 2127 *

137 2151 238 2196 quod
262 2151 298 2188 d.
323 2151 540 2197 voluerunt,
566 2153 593 2187 t.
621 2151 723 2197 quod
746 2164 774 2187 r.
801 2155 1103 2200 praeceperuntn
1127 2158 1174 2190 20
1198 2166 1275 2191 non
1299 2157 1330 2190 A
1349 2156 1361 2201 ΙΙ
1386 2158 1430 2190 21

135 2209 273 2235 nomen
297 2201 352 2234 Aa
377 2200 390 2245 ΙΙ
416 2203 460 2234 22
490 2199 606 2235 debet
629 2202 655 2233 Β
675 2200 688 2245 ῃ
707 2198 865 2236 debetur
889 2212 956 2237 om.
983 2204 1010 2235 B
1030 2203 1042 2248 ss
1061 2205 1106 2238 26
1132 2203 1283 2239 nomine
1309 2205 1402 2237 AaB
1420 2203 1431 2243 ἐξ

135 2255 275 2282 nomen
298 2247 533 2283 tabellorum
561 2250 588 2281 Β
607 2249 620 2292 ΙΙ
638 2251 886 2285 momenta
910 2251 940 2284 A
960 2250 971 2294 [1
990 2252 1036 2285 27
1061 2261 1197 2287 nomen
1222 2253 1253 2285 A

213 2357 399 2390 Quintiliani
418 2359 502 2394 decl.,
524 2359 569 2387 ed.
590 2360 700 2387 Ritter.
1171 2362 1214 2394 18
