1578 2470
373 143 800 181 DECLAMATIONES.
826 143 1118 180 CCCXXXVIII.
1289 143 1379 186 335

85 257 221 309 rerat,
259 253 491 296 amisisset.
553 253 745 296 sterilem
776 252 912 296 fuisse
942 267 1030 295 non
1063 252 1198 295 dices:
1239 252 1376 308 <nec>

85 313 267 357 credidit
291 313 493 368 maritus;
526 312 722 355 amisisse
746 327 834 355 non
860 314 926 355 est
952 312 1058 355 satis
1086 311 1244 354 dicere:
1277 327 1378 367 pro-

85 373 277 416 bandum
309 375 387 415 est.
440 373 548 415 haec
581 372 850 428 exigeremus
881 372 927 413 in
959 386 1102 425 causa,
1132 371 1307 424 iudices,
1339 372 1376 414 si

84 432 256 487 (esset)
290 432 342 474 de
385 432 619 487 mancipio,
663 432 700 474 si
739 432 790 474 de
827 431 1030 486 pecunia:
1066 431 1205 473 filium
1243 431 1376 473 matri

85 492 250 547 eripere
276 491 445 534 conaris
472 494 516 534 et
540 494 710 547 partem
736 491 949 533 viscerum
975 490 1130 533 avellis
1158 493 1202 532 et
1222 492 1374 533 contra

84 553 305 595 maternos
357 551 546 607 gemitus
589 553 817 593 contentus
863 565 908 592 es
954 550 1134 593 alterius
1178 550 1373 606 parentis

83 610 376 666 neglegentia.

173 669 316 725 „Quid
347 684 519 725 causae,
555 669 713 725 inquit,
750 668 921 711 habeo?
972 683 1048 711 cur
1085 669 1238 711 adsero
1272 668 1374 710 alie-

82 729 253 772 num?“·
303 728 364 771 Ut
393 729 584 772 nondum
615 729 793 771 reddam
824 728 1050 783 rationem,
1082 743 1167 783 qua
1197 728 1374 783 litiges:

83 789 199 844 quod
247 789 513 844 proposuisti
562 788 719 843 dicere,
761 788 868 830 nihil
912 790 990 830 est.
1059 802 1160 829 nam
1212 787 1247 829 si
1290 787 1374 829 tibi

83 861 214 890 causa
257 848 480 890 adserendi
515 848 704 889 alienum
734 847 874 889 filium
905 861 993 889 non
1025 850 1108 902 est,
1150 861 1229 889 nec
1271 846 1373 888 huic

82 907 255 962 quidem
302 907 528 950 retinendi.
597 907 701 963 quin
749 907 882 948 immo
929 906 1102 948 facilius
1147 908 1213 948 est
1255 905 1374 948 istud

81 966 262 1021 pauperi
293 966 466 1022 fingere.
529 966 632 1021 quid
671 965 783 1008 enim
815 965 1015 1008 fortunae
1046 967 1147 1007 tuae
1179 965 1373 1019 interest,

83 1040 138 1068 an
162 1025 364 1068 heredem
389 1025 582 1067 habeas?
609 1025 684 1067 sed
712 1025 939 1066 reddemus
967 1027 1121 1080 postea
1146 1025 1372 1079 rationem,

81 1098 167 1139 qua
202 1085 359 1140 fingas:
398 1084 572 1127 interim
613 1084 949 1126 instrumentum
984 1087 1180 1126 excutere
1214 1098 1369 1126 causae

79 1146 182 1187 tuae
215 1144 326 1186 volo.

173 1202 482 1258 „Testimonio‚
513 1203 669 1258 inquit,
701 1203 818 1245 nitor
845 1203 948 1255 eius,
974 1217 1101 1257 quem
1128 1205 1174 1244 tu
1203 1205 1371 1257 patrem

81 1261 228 1304 dicis.“
286 1261 493 1304 Putemus
525 1262 640 1304 istud
673 1276 767 1304 esse
791 1262 1110 1304 testimonium:
1155 1276 1267 1303 unus
1294 1263 1371 1314 est,

80 1321 217 1363 iratus
257 1323 342 1376 est,
381 1321 560 1363 alterius
599 1322 780 1363 maritus
822 1324 899 1363 est.
962 1335 1101 1362 »unus
1134 1323 1229 1362 est«
1273 1335 1370 1362 cum

80 1379 194 1435 dico,
235 1382 487 1422 succurrant
517 1380 641 1422 vobis
674 1378 864 1422 Catones
898 1383 940 1422 et
972 1378 1193 1435 Scipiones
1227 1382 1270 1421 et
1301 1382 1369 1421 tot

83 1439 326 1481 clarissima
381 1439 569 1481 civitatis
626 1445 801 1483 nostrae
850 1439 1038 1483 nominat
1125 1453 1222 1481 cum
1273 1438 1368 1480 dico

79 1498 246 1541 »iratus
279 1500 391 1553 est«,
423 1500 645 1540 succurrat
680 1499 825 1554 vobis,
870 1498 1077 1553 quidquid
1113 1513 1200 1540 non
1245 1513 1368 1552 expe-

79 1559 364 1600 rimentorum
407 1559 454 1599 in
491 1558 687 1611 civitate,
727 1557 801 1600 sed
838 1558 883 1599 in
922 1557 1089 1600 scaenis
1120 1557 1369 1599 fabularum

80 1619 160 1671 est,
192 1631 321 1672 quam
353 1617 494 1659 multa
523 1616 676 1659 fecerit
707 1617 778 1659 hic
810 1616 1015 1672 adfectus,
1047 1631 1177 1672 quam
1206 1617 1367 1659 multos

77 1679 349 1719 transversos
389 1676 508 1719 velut
545 1678 806 1731 tempestate
838 1676 1024 1732 quadam
1057 1676 1209 1731 egerit.
1271 1690 1367 1718 cum

78 1735 173 1778 dico
215 1736 418 1778 »alterius
462 1736 646 1778 maritus
691 1739 803 1790 est«,
853 1736 937 1778 duo
982 1736 1112 1778 simul
1158 1735 1272 1778 dico:
1327 1738 1370 1777 et

76 1795 211 1837 habet
249 1809 443 1850 causam,
481 1809 556 1837 cur
592 1809 749 1838 nocere
786 1795 887 1838 huic
919 1795 1044 1850 velit,
1083 1810 1212 1850 quam
1243 1809 1368 1849 repu-

79 1853 225 1910 diavit,
257 1857 300 1896 et
330 1854 465 1897 habet
496 1869 683 1910 causam,
716 1869 790 1896 cur
816 1857 1038 1909 praestare
1060 1854 1164 1908 <se>
1186 1854 1225 1895 ei
1251 1854 1368 1908 velit,

77 1927 205 1969 quam
244 1913 377 1955 duxit.
438 1913 558 1955 Haec
599 1914 802 1967 dicerem,
849 1914 886 1955 si
917 1914 1034 1955 istud
1064 1913 1365 1954 testimonium

77 1975 191 2015 esset
220 1972 358 2015 illius:
390 1972 517 2014 testis
549 1975 650 2014 tuus
683 1973 783 2027 quid
816 1972 948 2014 dicit?
981 1973 1089 2013 scire
1117 1986 1162 2013 se
1190 1971 1365 2027 aliquid.

79 2031 283 2087 sequitur,
314 2033 363 2073 ut
394 2031 672 2086 interrogem,
706 2031 847 2073 unde?
880 2046 931 2073 ex
961 2031 1130 2073 nutrice
1162 2031 1251 2073 illa.
1288 2046 1364 2072 nu-

174 2200 192 2230 1
218 2194 344 2243 (nec)
370 2196 443 2230 Aer
462 2195 473 2240 ΙΙ
493 2198 515 2229 4
541 2193 738 2241 *<esset>;
765 2193 869 2242 (sit)
896 2194 965 2230 Sch
985 2194 995 2239 ΙΙ
1017 2198 1060 2230 10
1091 2193 1187 2230 illud
1212 2196 1270 2230 est
1289 2197 1364 2236 AB,

76 2253 168 2279 corr.
195 2243 266 2280 Sch
290 2244 302 2289 ΙΙ
330 2247 372 2278 11
399 2241 564 2277 alienum
590 2253 656 2277 om.
682 2244 710 2275 B
729 2244 741 2287 [1
762 2246 805 2277 15
831 2243 1077 2277 strumentum
1102 2245 1128 2276 B
1155 2244 1167 2289 ΙΙ
1195 2245 1238 2278 18
1265 2241 1365 2277 istud

77 2293 162 2335 AB,
191 2291 275 2334 fort.
297 2290 316 2311 '¹‘
335 2290 455 2334 istius,
482 2290 527 2332 cf.
555 2301 586 2324 v.
607 2292 655 2325 29
669 2300 799 2334 sqq.—
816 2292 901 2332 336,
920 2293 941 2324 1
969 2291 980 2335 ss
1012 2293 1057 2324 20
1090 2290 1365 2325 succurunt

76 2340 107 2371 Δ
131 2338 143 2382 ΙΙ
168 2337 329 2373 Gotones
354 2338 503 2382 Δα1128
529 2335 623 2384 (se)
647 2337 711 2372 Bu
730 2339 742 2382 ΙΙ
761 2341 805 2371 29
833 2335 893 2372 dic
918 2340 945 2370 B

1402 796 1446 828 10

1399 1094 1443 1124 15

1395 1390 1442 1421 20

1394 1687 1440 1718 25

1392 1983 1439 2016 30.
