<?xml version="1.0" encoding="UTF-8"?>
<!DOCTYPE html PUBLIC "-//W3C//DTD XHTML 1.0 Transitional//EN"
    "http://www.w3.org/TR/xhtml1/DTD/xhtml1-transitional.dtd">
<html xmlns="http://www.w3.org/1999/xhtml" xml:lang="en" lang="en">
 <head>
  <title>
</title>
<meta http-equiv="Content-Type" content="text/html;charset=utf-8" />
  <meta name='ocr-system' content='tesseract 3.04.00' />
  <meta name='ocr-capabilities' content='ocr_page ocr_carea ocr_par ocr_line ocrx_word'/>
</head>
<body>
  <div class='ocr_page' id='page_1' title='image "./declamationesqua00quinuoft_0368.png"; bbox 0 0 1578 2470; ppageno 0'>
   <div class='ocr_carea' id='block_1_1' title="bbox 177 817 217 847">
    <p class='ocr_par' dir='ltr' id='par_1_1' title="bbox 177 817 217 847">
     <span class='ocr_line' id='line_1_1' title="bbox 177 817 217 847; baseline 0.025 -1"><span class='ocrx_word' id='word_1_1' title='bbox 177 817 217 847; x_wconf 87' lang='lat'>10</span> 
     </span>
    </p>
   </div>
   <div class='ocr_carea' id='block_1_2' title="bbox 175 1106 216 1136">
    <p class='ocr_par' dir='ltr' id='par_1_2' title="bbox 175 1106 216 1136">
     <span class='ocr_line' id='line_1_2' title="bbox 175 1106 216 1136; baseline 0 0"><span class='ocrx_word' id='word_1_2' title='bbox 175 1106 216 1136; x_wconf 87' lang='lat'>15</span> 
     </span>
    </p>
   </div>
   <div class='ocr_carea' id='block_1_3' title="bbox 173 1396 216 1427">
    <p class='ocr_par' dir='ltr' id='par_1_3' title="bbox 173 1396 216 1427">
     <span class='ocr_line' id='line_1_3' title="bbox 173 1396 216 1427; baseline 0.023 -1"><span class='ocrx_word' id='word_1_3' title='bbox 173 1396 216 1427; x_wconf 81' lang='lat'>20</span> 
     </span>
    </p>
   </div>
   <div class='ocr_carea' id='block_1_4' title="bbox 173 1685 216 1716">
    <p class='ocr_par' dir='ltr' id='par_1_4' title="bbox 173 1685 216 1716">
     <span class='ocr_line' id='line_1_4' title="bbox 173 1685 216 1716; baseline 0.023 -1"><span class='ocrx_word' id='word_1_4' title='bbox 173 1685 216 1716; x_wconf 79' lang='lat'>25</span> 
     </span>
    </p>
   </div>
   <div class='ocr_carea' id='block_1_5' title="bbox 245 97 1023 140">
    <p class='ocr_par' dir='ltr' id='par_1_5' title="bbox 245 97 1023 140">
     <span class='ocr_line' id='line_1_5' title="bbox 245 97 1023 140; baseline -0.006 -1"><span class='ocrx_word' id='word_1_5' title='bbox 245 97 330 140; x_wconf 80' lang='grc'>332</span> <span class='ocrx_word' id='word_1_6' title='bbox 723 97 1023 140; x_wconf 86' lang='lat' dir='ltr'>QUINTILIANI</span> 
     </span>
    </p>
   </div>
   <div class='ocr_carea' id='block_1_6' title="bbox 244 203 1506 433">
    <p class='ocr_par' dir='ltr' id='par_1_6' title="bbox 244 203 1506 433">
     <span class='ocr_line' id='line_1_6' title="bbox 332 203 1504 247; baseline 0.003 -3"><span class='ocrx_word' id='word_1_7' title='bbox 332 203 432 245; x_wconf 89' lang='lat' dir='ltr'>Non</span> <span class='ocrx_word' id='word_1_8' title='bbox 465 207 531 245; x_wconf 89' lang='lat' dir='ltr'>est</span> <span class='ocrx_word' id='word_1_9' title='bbox 560 204 613 245; x_wconf 88' lang='lat' dir='ltr'><strong>lis</strong></span> <span class='ocrx_word' id='word_1_10' title='bbox 643 204 742 246; x_wconf 89' lang='lat' dir='ltr'>huic</span> <span class='ocrx_word' id='word_1_11' title='bbox 772 205 940 246; x_wconf 83' lang='lat' dir='ltr'>mulieri</span> <span class='ocrx_word' id='word_1_12' title='bbox 966 205 1089 247; x_wconf 89' lang='lat' dir='ltr'>hodie</span> <span class='ocrx_word' id='word_1_13' title='bbox 1114 219 1209 247; x_wconf 93' lang='lat' dir='ltr'>cum</span> <span class='ocrx_word' id='word_1_14' title='bbox 1234 205 1388 247; x_wconf 83' lang='lat' dir='ltr'>marito</span> <span class='ocrx_word' id='word_1_15' title='bbox 1415 219 1504 247; x_wconf 89' lang='lat' dir='ltr'>suo.</span> 
     </span>
     <span class='ocr_line' id='line_1_7' title="bbox 244 262 1505 317; baseline 0.002 -15"><span class='ocrx_word' id='word_1_16' title='bbox 244 275 380 315; x_wconf 84' lang='lat' dir='ltr'><strong>neque</strong></span> <span class='ocrx_word' id='word_1_17' title='bbox 425 262 538 303; x_wconf 88' lang='lat' dir='ltr'><strong>enim</strong></span> <span class='ocrx_word' id='word_1_18' title='bbox 581 262 783 304; x_wconf 86' lang='lat' dir='ltr'>iudicium</span> <span class='ocrx_word' id='word_1_19' title='bbox 826 263 1031 304; x_wconf 86' lang='lat' dir='ltr'>constitui</span> <span class='ocrx_word' id='word_1_20' title='bbox 1073 265 1214 317; x_wconf 89' lang='lat' dir='ltr'>potest</span> <span class='ocrx_word' id='word_1_21' title='bbox 1249 263 1360 305; x_wconf 84' lang='lat' dir='ltr'>inter</span> <span class='ocrx_word' id='word_1_22' title='bbox 1398 277 1505 317; x_wconf 85' lang='lat' dir='ltr'>eum,</span> 
     </span>
     <span class='ocr_line' id='line_1_8' title="bbox 245 319 1506 375; baseline 0.002 -15"><span class='ocrx_word' id='word_1_23' title='bbox 245 320 316 373; x_wconf 92' lang='lat' dir='ltr'>qui</span> <span class='ocrx_word' id='word_1_24' title='bbox 354 319 482 372; x_wconf 89' lang='lat' dir='ltr'>cedit,</span> <span class='ocrx_word' id='word_1_25' title='bbox 527 334 722 375; x_wconf 82' lang='lat' dir='ltr'>eamque,</span> <span class='ocrx_word' id='word_1_26' title='bbox 765 335 871 375; x_wconf 89' lang='lat' dir='ltr'>quae</span> <span class='ocrx_word' id='word_1_27' title='bbox 910 321 991 362; x_wconf 83' lang='lat' dir='ltr'>sibi</span> <span class='ocrx_word' id='word_1_28' title='bbox 1030 321 1192 362; x_wconf 86' lang='lat' dir='ltr'>asserit.</span> <span class='ocrx_word' id='word_1_29' title='bbox 1259 321 1506 363; x_wconf 82' lang='lat' dir='ltr'><strong>adulescens</strong></span> 
     </span>
     <span class='ocr_line' id='line_1_9' title="bbox 247 377 1505 433; baseline 0.001 -15"><span class='ocrx_word' id='word_1_30' title='bbox 247 377 451 418; x_wconf 85' lang='lat' dir='ltr'>asseritur</span> <span class='ocrx_word' id='word_1_31' title='bbox 476 392 500 419; x_wconf 86' lang='lat' dir='ltr'>a</span> <span class='ocrx_word' id='word_1_32' title='bbox 525 392 723 433; x_wconf 86' lang='lat' dir='ltr'>paupere.</span> <span class='ocrx_word' id='word_1_33' title='bbox 752 381 870 433; x_wconf 80' lang='lat' dir='ltr'>pater</span> <span class='ocrx_word' id='word_1_34' title='bbox 894 378 1100 433; x_wconf 74' lang='lat' dir='ltr'>inicedit,</span> <span class='ocrx_word' id='word_1_35' title='bbox 1124 381 1259 420; x_wconf 83' lang='lat' dir='ltr'>mater</span> <span class='ocrx_word' id='word_1_36' title='bbox 1275 393 1362 421; x_wconf 88' lang='lat' dir='ltr'>non</span> <span class='ocrx_word' id='word_1_37' title='bbox 1382 378 1505 421; x_wconf 88' lang='lat' dir='ltr'>cedit.</span> 
     </span>
    </p>
   </div>
   <div class='ocr_carea' id='block_1_7' title="bbox 665 492 1108 536">
    <p class='ocr_par' dir='ltr' id='par_1_7' title="bbox 665 492 1108 536">
     <span class='ocr_line' id='line_1_10' title="bbox 665 492 1108 536; baseline 0.002 -1"><span class='ocrx_word' id='word_1_38' title='bbox 665 492 1108 536; x_wconf 83' lang='lat' dir='ltr'>DECLAMATIO.</span> 
     </span>
    </p>
   </div>
   <div class='ocr_carea' id='block_1_8' title="bbox 242 574 1555 1949">
    <p class='ocr_par' dir='ltr' id='par_1_8' title="bbox 242 574 1555 1949">
     <span class='ocr_line' id='line_1_11' title="bbox 330 574 1503 631; baseline 0.002 -15"><span class='ocrx_word' id='word_1_39' title='bbox 330 574 516 616; x_wconf 75' lang='lat' dir='ltr'><strong>Etiamsi</strong></span> <span class='ocrx_word' id='word_1_40' title='bbox 559 575 612 616; x_wconf 91' lang='lat' dir='ltr'><strong>lis</strong></span> <span class='ocrx_word' id='word_1_41' title='bbox 655 575 755 617; x_wconf 91' lang='lat' dir='ltr'>huic</span> <span class='ocrx_word' id='word_1_42' title='bbox 792 575 975 629; x_wconf 86' lang='lat' dir='ltr'>mulieri,</span> <span class='ocrx_word' id='word_1_43' title='bbox 1019 575 1087 616; x_wconf 92' lang='lat' dir='ltr'>cui</span> <span class='ocrx_word' id='word_1_44' title='bbox 1125 574 1290 629; x_wconf 85' lang='lat' dir='ltr'><strong>adsum,</strong></span> <span class='ocrx_word' id='word_1_45' title='bbox 1330 575 1503 631; x_wconf 59' lang='lat' dir='ltr'>iudicem,</span> 
     </span>
     <span class='ocr_line' id='line_1_12' title="bbox 245 633 1503 687; baseline 0.002 -14"><span class='ocrx_word' id='word_1_46' title='bbox 245 634 356 673; x_wconf 89' lang='lat' dir='ltr'><strong>esset</strong></span> <span class='ocrx_word' id='word_1_47' title='bbox 388 635 536 674; x_wconf 88' lang='lat' dir='ltr'>contra</span> <span class='ocrx_word' id='word_1_48' title='bbox 567 647 797 687; x_wconf 83' lang='lat' dir='ltr'>pauperem</span> <span class='ocrx_word' id='word_1_49' title='bbox 822 634 964 684; x_wconf 87' lang='lat' dir='ltr'>istum,</span> <span class='ocrx_word' id='word_1_50' title='bbox 994 633 1163 674; x_wconf 89' lang='lat' dir='ltr'>infirmo</span> <span class='ocrx_word' id='word_1_51' title='bbox 1189 633 1282 675; x_wconf 87' lang='lat' dir='ltr'>loco</span> <span class='ocrx_word' id='word_1_52' title='bbox 1307 647 1405 687; x_wconf 85' lang='lat' dir='ltr'>pars</span> <span class='ocrx_word' id='word_1_53' title='bbox 1431 648 1503 676; x_wconf 90' lang='lat' dir='ltr'>no-</span> 
     </span>
     <span class='ocr_line' id='line_1_13' title="bbox 244 690 1504 745; baseline 0.002 -15"><span class='ocrx_word' id='word_1_54' title='bbox 244 692 333 731; x_wconf 88' lang='lat' dir='ltr'>stra</span> <span class='ocrx_word' id='word_1_55' title='bbox 364 693 407 731; x_wconf 90' lang='lat' dir='ltr'>et</span> <span class='ocrx_word' id='word_1_56' title='bbox 437 691 606 745; x_wconf 86' lang='lat' dir='ltr'>dignior</span> <span class='ocrx_word' id='word_1_57' title='bbox 638 691 794 732; x_wconf 85' lang='lat' dir='ltr'>auxilio</span> <span class='ocrx_word' id='word_1_58' title='bbox 826 691 1053 745; x_wconf 83' lang='lat' dir='ltr'>videretur,</span> <span class='ocrx_word' id='word_1_59' title='bbox 1084 690 1182 745; x_wconf 88' lang='lat' dir='ltr'>quia</span> <span class='ocrx_word' id='word_1_60' title='bbox 1207 693 1249 731; x_wconf 91' lang='lat' dir='ltr'>et</span> <span class='ocrx_word' id='word_1_61' title='bbox 1273 705 1348 744; x_wconf 89' lang='lat' dir='ltr'>per</span> <span class='ocrx_word' id='word_1_62' title='bbox 1373 706 1417 733; x_wconf 89' lang='lat' dir='ltr'>se</span> <span class='ocrx_word' id='word_1_63' title='bbox 1442 692 1504 733; x_wconf 92' lang='lat' dir='ltr'>in-</span> 
     </span>
     <span class='ocr_line' id='line_1_14' title="bbox 244 747 1507 802; baseline 0.002 -13"><span class='ocrx_word' id='word_1_64' title='bbox 244 748 400 789; x_wconf 89' lang='lat' dir='ltr'><strong>becilla</strong></span> <span class='ocrx_word' id='word_1_65' title='bbox 430 763 496 790; x_wconf 88' lang='lat' dir='ltr'><strong>res</strong></span> <span class='ocrx_word' id='word_1_66' title='bbox 528 751 593 790; x_wconf 90' lang='lat' dir='ltr'>est</span> <span class='ocrx_word' id='word_1_67' title='bbox 622 748 793 802; x_wconf 84' lang='lat' dir='ltr'>femina,</span> <span class='ocrx_word' id='word_1_68' title='bbox 823 751 866 790; x_wconf 92' lang='lat' dir='ltr'>et</span> <span class='ocrx_word' id='word_1_69' title='bbox 895 749 1032 790; x_wconf 88' lang='lat' dir='ltr'>adfert</span> <span class='ocrx_word' id='word_1_70' title='bbox 1056 747 1299 790; x_wconf 85' lang='lat' dir='ltr'>infirmitati</span> <span class='ocrx_word' id='word_1_71' title='bbox 1321 750 1507 791; x_wconf 85' lang='lat' dir='ltr'>naturali</span> 
     </span>
     <span class='ocr_line' id='line_1_15' title="bbox 243 805 1506 862; baseline 0.002 -16"><span class='ocrx_word' id='word_1_72' title='bbox 243 819 329 847; x_wconf 89' lang='lat' dir='ltr'>non</span> <span class='ocrx_word' id='word_1_73' title='bbox 371 806 464 848; x_wconf 88' lang='lat' dir='ltr'><strong>leve</strong></span> <span class='ocrx_word' id='word_1_74' title='bbox 508 807 691 860; x_wconf 87' lang='lat' dir='ltr'>pondus,</span> <span class='ocrx_word' id='word_1_75' title='bbox 746 807 859 862; x_wconf 91' lang='lat' dir='ltr'>quod</span> <span class='ocrx_word' id='word_1_76' title='bbox 900 807 1029 849; x_wconf 83' lang='lat' dir='ltr'>vidua</span> <span class='ocrx_word' id='word_1_77' title='bbox 1077 809 1151 848; x_wconf 89' lang='lat' dir='ltr'><strong>est.</strong></span> <span class='ocrx_word' id='word_1_78' title='bbox 1228 805 1325 848; x_wconf 88' lang='lat' dir='ltr'>huic</span> <span class='ocrx_word' id='word_1_79' title='bbox 1377 808 1506 849; x_wconf 88' lang='lat' dir='ltr'>etiam</span> 
     </span>
     <span class='ocr_line' id='line_1_16' title="bbox 243 863 1506 919; baseline 0.002 -15"><span class='ocrx_word' id='word_1_80' title='bbox 243 864 461 918; x_wconf 91' lang='lat' dir='ltr'>proprium</span> <span class='ocrx_word' id='word_1_81' title='bbox 498 865 606 906; x_wconf 89' lang='lat' dir='ltr'><strong>illud</strong></span> <span class='ocrx_word' id='word_1_82' title='bbox 650 865 826 918; x_wconf 87' lang='lat' dir='ltr'>accedit,</span> <span class='ocrx_word' id='word_1_83' title='bbox 876 865 986 919; x_wconf 90' lang='lat' dir='ltr'>quod</span> <span class='ocrx_word' id='word_1_84' title='bbox 1028 865 1072 906; x_wconf 91' lang='lat' dir='ltr'>in</span> <span class='ocrx_word' id='word_1_85' title='bbox 1119 863 1506 918; x_wconf 83' lang='lat' dir='ltr'>sol&lt;lic&gt;itudinem</span> 
     </span>
     <span class='ocr_line' id='line_1_17' title="bbox 244 922 1506 977; baseline 0.001 -14"><span class='ocrx_word' id='word_1_86' title='bbox 244 936 448 964; x_wconf 85' lang='lat' dir='ltr'>conversa</span> <span class='ocrx_word' id='word_1_87' title='bbox 480 925 596 976; x_wconf 86' lang='lat' dir='ltr'>sunt,</span> <span class='ocrx_word' id='word_1_88' title='bbox 635 938 740 977; x_wconf 89' lang='lat' dir='ltr'>quae</span> <span class='ocrx_word' id='word_1_89' title='bbox 772 923 985 976; x_wconf 88' lang='lat' dir='ltr'>praesidia</span> <span class='ocrx_word' id='word_1_90' title='bbox 1016 922 1197 964; x_wconf 87' lang='lat' dir='ltr'>fuerunt.</span> <span class='ocrx_word' id='word_1_91' title='bbox 1258 922 1362 964; x_wconf 81' lang='lat' dir='ltr'>haec</span> <span class='ocrx_word' id='word_1_92' title='bbox 1392 923 1506 964; x_wconf 89' lang='lat' dir='ltr'><strong>enim</strong></span> 
     </span>
     <span class='ocr_line' id='line_1_18' title="bbox 243 980 1506 1034; baseline 0.002 -14"><span class='ocrx_word' id='word_1_93' title='bbox 243 980 434 1033; x_wconf 86' lang='lat' dir='ltr'>quamvis</span> <span class='ocrx_word' id='word_1_94' title='bbox 479 981 679 1022; x_wconf 87' lang='lat' dir='ltr'>maritum</span> <span class='ocrx_word' id='word_1_95' title='bbox 722 981 878 1022; x_wconf 90' lang='lat' dir='ltr'>habere</span> <span class='ocrx_word' id='word_1_96' title='bbox 927 981 1104 1022; x_wconf 87' lang='lat' dir='ltr'><strong>desisset</strong></span> <span class='ocrx_word' id='word_1_97' title='bbox 1141 982 1266 1034; x_wconf 85' lang='lat' dir='ltr'>atque</span> <span class='ocrx_word' id='word_1_98' title='bbox 1309 982 1421 1022; x_wconf 86' lang='lat' dir='ltr'><strong>esset</strong></span> <span class='ocrx_word' id='word_1_99' title='bbox 1457 995 1506 1022; x_wconf 86' lang='lat' dir='ltr'>ea</span> 
     </span>
     <span class='ocr_line' id='line_1_19' title="bbox 245 1038 1506 1093; baseline 0.002 -15"><span class='ocrx_word' id='word_1_100' title='bbox 245 1038 390 1091; x_wconf 81' lang='lat' dir='ltr'>domo,</span> <span class='ocrx_word' id='word_1_101' title='bbox 419 1038 464 1078; x_wconf 88' lang='lat' dir='ltr'>in</span> <span class='ocrx_word' id='word_1_102' title='bbox 496 1038 679 1092; x_wconf 85' lang='lat' dir='ltr'>qua&lt;m&gt;</span> <span class='ocrx_word' id='word_1_103' title='bbox 709 1039 831 1093; x_wconf 84' lang='lat' dir='ltr'>virgo</span> <span class='ocrx_word' id='word_1_104' title='bbox 864 1040 1082 1093; x_wconf 86' lang='lat' dir='ltr'>nupserat,</span> <span class='ocrx_word' id='word_1_105' title='bbox 1119 1038 1262 1091; x_wconf 86' lang='lat' dir='ltr'>pulsa,</span> <span class='ocrx_word' id='word_1_106' title='bbox 1298 1052 1385 1079; x_wconf 90' lang='lat' dir='ltr'>non</span> <span class='ocrx_word' id='word_1_107' title='bbox 1415 1039 1506 1080; x_wconf 86' lang='lat' dir='ltr'><strong>sine</strong></span> 
     </span>
     <span class='ocr_line' id='line_1_20' title="bbox 246 1095 1507 1150; baseline 0.001 -14"><span class='ocrx_word' id='word_1_108' title='bbox 246 1095 403 1137; x_wconf 87' lang='lat' dir='ltr'>auxilio</span> <span class='ocrx_word' id='word_1_109' title='bbox 442 1098 587 1137; x_wconf 86' lang='lat' dir='ltr'>tamen</span> <span class='ocrx_word' id='word_1_110' title='bbox 625 1096 758 1138; x_wconf 83' lang='lat' dir='ltr'>videri</span> <span class='ocrx_word' id='word_1_111' title='bbox 795 1099 980 1150; x_wconf 81' lang='lat' dir='ltr'>poterat,</span> <span class='ocrx_word' id='word_1_112' title='bbox 1023 1100 1118 1137; x_wconf 67' lang='lat' dir='ltr'>(mm</span> <span class='ocrx_word' id='word_1_113' title='bbox 1154 1095 1333 1141; x_wconf 75' lang='lat' dir='ltr'>haberet</span> <span class='ocrx_word' id='word_1_114' title='bbox 1370 1096 1507 1137; x_wconf 90' lang='lat' dir='ltr'>filium</span> 
     </span>
     <span class='ocr_line' id='line_1_21' title="bbox 246 1153 1505 1207; baseline 0.002 -14"><span class='ocrx_word' id='word_1_115' title='bbox 246 1153 453 1194; x_wconf 87' lang='lat' dir='ltr'>iuvenem.</span> <span class='ocrx_word' id='word_1_116' title='bbox 509 1167 603 1195; x_wconf 91' lang='lat' dir='ltr'>cum</span> <span class='ocrx_word' id='word_1_117' title='bbox 634 1168 735 1196; x_wconf 88' lang='lat' dir='ltr'>vero</span> <span class='ocrx_word' id='word_1_118' title='bbox 767 1153 849 1195; x_wconf 91' lang='lat' dir='ltr'>hoc</span> <span class='ocrx_word' id='word_1_119' title='bbox 881 1155 1022 1207; x_wconf 91' lang='lat' dir='ltr'>ipsum</span> <span class='ocrx_word' id='word_1_120' title='bbox 1054 1153 1284 1194; x_wconf 87' lang='lat' dir='ltr'>deducatur</span> <span class='ocrx_word' id='word_1_121' title='bbox 1314 1153 1354 1193; x_wconf 84' lang='lat' dir='ltr'>in</span> <span class='ocrx_word' id='word_1_122' title='bbox 1387 1154 1505 1196; x_wconf 89' lang='lat' dir='ltr'>litem</span> 
     </span>
     <span class='ocr_line' id='line_1_22' title="bbox 244 1209 1503 1266; baseline 0.001 -14"><span class='ocrx_word' id='word_1_123' title='bbox 244 1213 285 1252; x_wconf 89' lang='lat' dir='ltr'>et</span> <span class='ocrx_word' id='word_1_124' title='bbox 321 1210 401 1253; x_wconf 89' lang='lat' dir='ltr'>hoc</span> <span class='ocrx_word' id='word_1_125' title='bbox 439 1214 631 1266; x_wconf 91' lang='lat' dir='ltr'>tempore</span> <span class='ocrx_word' id='word_1_126' title='bbox 667 1211 778 1252; x_wconf 88' lang='lat' dir='ltr'>nihil</span> <span class='ocrx_word' id='word_1_127' title='bbox 816 1212 944 1253; x_wconf 86' lang='lat' dir='ltr'>matri</span> <span class='ocrx_word' id='word_1_128' title='bbox 974 1214 1143 1265; x_wconf 83' lang='lat' dir='ltr'>praeter</span> <span class='ocrx_word' id='word_1_129' title='bbox 1173 1209 1503 1253; x_wconf 90' lang='lat' dir='ltr'>sollicitudinem</span> 
     </span>
     <span class='ocr_line' id='line_1_23' title="bbox 244 1268 1555 1326; baseline 0.004 -17"><span class='ocrx_word' id='word_1_130' title='bbox 244 1268 420 1326; x_wconf 80' lang='lat' dir='ltr'>adferat,</span> <span class='ocrx_word' id='word_1_131' title='bbox 458 1272 602 1312; x_wconf 89' lang='lat' dir='ltr'>tamen</span> <span class='ocrx_word' id='word_1_132' title='bbox 642 1269 722 1311; x_wconf 89' lang='lat' dir='ltr'>hoc</span> <span class='ocrx_word' id='word_1_133' title='bbox 761 1270 981 1324; x_wconf 82' lang='lat' dir='ltr'>confiteor,</span> <span class='ocrx_word' id='word_1_134' title='bbox 1024 1283 1111 1310; x_wconf 86' lang='lat' dir='ltr'>non</span> <span class='ocrx_word' id='word_1_135' title='bbox 1143 1282 1236 1310; x_wconf 85' lang='lat' dir='ltr'>eam</span> <span class='ocrx_word' id='word_1_136' title='bbox 1268 1282 1362 1310; x_wconf 90' lang='lat' dir='ltr'>cum</span> <span class='ocrx_word' id='word_1_137' title='bbox 1399 1269 1555 1324; x_wconf 72' lang='lat' dir='ltr'>ipso,e</span> 
     </span>
     <span class='ocr_line' id='line_1_24' title="bbox 244 1325 1505 1381; baseline 0.002 -14"><span class='ocrx_word' id='word_1_138' title='bbox 244 1341 368 1380; x_wconf 88' lang='lat' dir='ltr'>quem</span> <span class='ocrx_word' id='word_1_139' title='bbox 410 1341 459 1368; x_wconf 87' lang='lat' dir='ltr'><strong>ex</strong></span> <span class='ocrx_word' id='word_1_140' title='bbox 492 1328 667 1369; x_wconf 89' lang='lat' dir='ltr'>diversis</span> <span class='ocrx_word' id='word_1_141' title='bbox 699 1327 851 1369; x_wconf 84' lang='lat' dir='ltr'>videtis</span> <span class='ocrx_word' id='word_1_142' title='bbox 883 1327 1112 1381; x_wconf 84' lang='lat' dir='ltr'>subselliis,</span> <span class='ocrx_word' id='word_1_143' title='bbox 1142 1325 1332 1381; x_wconf 73' lang='lat' dir='ltr'>litigare:</span> <span class='ocrx_word' id='word_1_144' title='bbox 1375 1327 1505 1369; x_wconf 88' lang='lat' dir='ltr'>altior</span> 
     </span>
     <span class='ocr_line' id='line_1_25' title="bbox 244 1384 1507 1440; baseline 0 -14"><span class='ocrx_word' id='word_1_145' title='bbox 244 1385 386 1439; x_wconf 85' lang='lat' dir='ltr'>gratia</span> <span class='ocrx_word' id='word_1_146' title='bbox 416 1386 585 1439; x_wconf 88' lang='lat' dir='ltr'>premit.</span> <span class='ocrx_word' id='word_1_147' title='bbox 631 1388 744 1427; x_wconf 89' lang='lat' dir='ltr'><strong>esset</strong></span> <span class='ocrx_word' id='word_1_148' title='bbox 776 1387 930 1440; x_wconf 89' lang='lat' dir='ltr'>quippe</span> <span class='ocrx_word' id='word_1_149' title='bbox 960 1385 1065 1426; x_wconf 89' lang='lat' dir='ltr'>haec</span> <span class='ocrx_word' id='word_1_150' title='bbox 1095 1387 1233 1426; x_wconf 86' lang='lat' dir='ltr'>mater</span> <span class='ocrx_word' id='word_1_151' title='bbox 1263 1384 1307 1426; x_wconf 87' lang='lat' dir='ltr'>in</span> <span class='ocrx_word' id='word_1_152' title='bbox 1339 1384 1415 1427; x_wconf 90' lang='lat' dir='ltr'>lite</span> <span class='ocrx_word' id='word_1_153' title='bbox 1443 1387 1507 1426; x_wconf 91' lang='lat' dir='ltr'>ut-</span> 
     </span>
     <span class='ocr_line' id='line_1_26' title="bbox 243 1443 1507 1497; baseline 0.001 -13"><span class='ocrx_word' id='word_1_154' title='bbox 243 1457 420 1497; x_wconf 89' lang='lat' dir='ltr'>cumque</span> <span class='ocrx_word' id='word_1_155' title='bbox 457 1443 641 1497; x_wconf 86' lang='lat' dir='ltr'>felicior,</span> <span class='ocrx_word' id='word_1_156' title='bbox 688 1444 723 1484; x_wconf 91' lang='lat' dir='ltr'>si</span> <span class='ocrx_word' id='word_1_157' title='bbox 766 1443 946 1485; x_wconf 85' lang='lat' dir='ltr'>maritus</span> <span class='ocrx_word' id='word_1_158' title='bbox 990 1443 1079 1484; x_wconf 88' lang='lat' dir='ltr'>eius</span> <span class='ocrx_word' id='word_1_159' title='bbox 1124 1444 1349 1484; x_wconf 88' lang='lat' dir='ltr'>contentus</span> <span class='ocrx_word' id='word_1_160' title='bbox 1394 1446 1507 1485; x_wconf 87' lang='lat' dir='ltr'><strong>esset</strong></span> 
     </span>
     <span class='ocr_line' id='line_1_27' title="bbox 242 1500 1504 1543; baseline 0.001 -2"><span class='ocrx_word' id='word_1_161' title='bbox 242 1500 332 1542; x_wconf 89' lang='lat' dir='ltr'>filio</span> <span class='ocrx_word' id='word_1_162' title='bbox 364 1501 560 1543; x_wconf 86' lang='lat' dir='ltr'>cessisse:</span> <span class='ocrx_word' id='word_1_163' title='bbox 600 1515 711 1543; x_wconf 88' lang='lat' dir='ltr'>nunc</span> <span class='ocrx_word' id='word_1_164' title='bbox 743 1501 894 1543; x_wconf 84' lang='lat' dir='ltr'>adiecit</span> <span class='ocrx_word' id='word_1_165' title='bbox 924 1500 1170 1543; x_wconf 87' lang='lat' dir='ltr'>testimonio</span> <span class='ocrx_word' id='word_1_166' title='bbox 1203 1500 1504 1543; x_wconf 89' lang='lat' dir='ltr'>auctoritatem</span> 
     </span>
     <span class='ocr_line' id='line_1_28' title="bbox 243 1557 1505 1614; baseline 0.001 -15"><span class='ocrx_word' id='word_1_167' title='bbox 243 1561 284 1600; x_wconf 91' lang='lat' dir='ltr'>et</span> <span class='ocrx_word' id='word_1_168' title='bbox 314 1558 651 1601; x_wconf 87' lang='lat' dir='ltr'>infelicissimam</span> <span class='ocrx_word' id='word_1_169' title='bbox 687 1560 914 1613; x_wconf 87' lang='lat' dir='ltr'>nutricem,</span> <span class='ocrx_word' id='word_1_170' title='bbox 952 1573 1079 1614; x_wconf 88' lang='lat' dir='ltr'>quam</span> <span class='ocrx_word' id='word_1_171' title='bbox 1116 1558 1183 1600; x_wconf 88' lang='lat' dir='ltr'><strong>bis</strong></span> <span class='ocrx_word' id='word_1_172' title='bbox 1214 1557 1358 1614; x_wconf 84' lang='lat' dir='ltr'>torsit,</span> <span class='ocrx_word' id='word_1_173' title='bbox 1405 1559 1505 1613; x_wconf 89' lang='lat' dir='ltr'>quia</span> 
     </span>
     <span class='ocr_line' id='line_1_29' title="bbox 242 1616 1506 1671; baseline 0 -13"><span class='ocrx_word' id='word_1_174' title='bbox 242 1631 388 1658; x_wconf 86' lang='lat' dir='ltr'>verum</span> <span class='ocrx_word' id='word_1_175' title='bbox 420 1617 600 1671; x_wconf 85' lang='lat' dir='ltr'>dicebat,</span> <span class='ocrx_word' id='word_1_176' title='bbox 632 1617 855 1659; x_wconf 85' lang='lat' dir='ltr'>adversum</span> <span class='ocrx_word' id='word_1_177' title='bbox 886 1631 963 1658; x_wconf 87' lang='lat' dir='ltr'>nos</span> <span class='ocrx_word' id='word_1_178' title='bbox 995 1616 1159 1658; x_wconf 75' lang='lat' dir='ltr'>mentiri</span> <span class='ocrx_word' id='word_1_179' title='bbox 1189 1616 1341 1671; x_wconf 61' lang='lat' dir='ltr'>coegit.</span> <span class='ocrx_word' id='word_1_180' title='bbox 1387 1617 1506 1658; x_wconf 88' lang='lat' dir='ltr'>cuius</span> 
     </span>
     <span class='ocr_line' id='line_1_30' title="bbox 244 1674 1505 1729; baseline 0.001 -14"><span class='ocrx_word' id='word_1_181' title='bbox 244 1674 280 1715; x_wconf 89' lang='lat' dir='ltr'>si</span> <span class='ocrx_word' id='word_1_182' title='bbox 322 1689 397 1716; x_wconf 85' lang='lat' dir='ltr'>vos</span> <span class='ocrx_word' id='word_1_183' title='bbox 430 1675 682 1729; x_wconf 84' lang='lat' dir='ltr'>auctoritas,</span> <span class='ocrx_word' id='word_1_184' title='bbox 727 1675 904 1729; x_wconf 84' lang='lat' dir='ltr'>iudices,</span> <span class='ocrx_word' id='word_1_185' title='bbox 946 1677 1106 1728; x_wconf 87' lang='lat' dir='ltr'>movet,</span> <span class='ocrx_word' id='word_1_186' title='bbox 1149 1674 1252 1715; x_wconf 90' lang='lat' dir='ltr'><strong>illud</strong></span> <span class='ocrx_word' id='word_1_187' title='bbox 1293 1688 1425 1716; x_wconf 90' lang='lat' dir='ltr'>unum</span> <span class='ocrx_word' id='word_1_188' title='bbox 1461 1674 1505 1716; x_wconf 90' lang='lat' dir='ltr'>in</span> 
     </span>
     <span class='ocr_line' id='line_1_31' title="bbox 242 1732 1506 1787; baseline -0.001 -14"><span class='ocrx_word' id='word_1_189' title='bbox 242 1732 382 1787; x_wconf 89' lang='lat' dir='ltr'>prima</span> <span class='ocrx_word' id='word_1_190' title='bbox 419 1735 540 1786; x_wconf 87' lang='lat' dir='ltr'>parte</span> <span class='ocrx_word' id='word_1_191' title='bbox 579 1747 730 1774; x_wconf 89' lang='lat' dir='ltr'>causae</span> <span class='ocrx_word' id='word_1_192' title='bbox 768 1733 924 1774; x_wconf 87' lang='lat' dir='ltr'><strong>dixisse</strong></span> <span class='ocrx_word' id='word_1_193' title='bbox 957 1734 1179 1774; x_wconf 87' lang='lat' dir='ltr'>contentus</span> <span class='ocrx_word' id='word_1_194' title='bbox 1211 1745 1322 1785; x_wconf 82' lang='lat' dir='ltr'>sum,</span> <span class='ocrx_word' id='word_1_195' title='bbox 1359 1745 1506 1773; x_wconf 84' lang='lat' dir='ltr'>vocem</span> 
     </span>
     <span class='ocr_line' id='line_1_32' title="bbox 243 1789 1506 1845; baseline -0.001 -14"><span class='ocrx_word' id='word_1_196' title='bbox 243 1791 332 1832; x_wconf 90' lang='lat' dir='ltr'>eius</span> <span class='ocrx_word' id='word_1_197' title='bbox 370 1791 423 1832; x_wconf 93' lang='lat' dir='ltr'>ab</span> <span class='ocrx_word' id='word_1_198' title='bbox 461 1793 639 1844; x_wconf 90' lang='lat' dir='ltr'>utraque</span> <span class='ocrx_word' id='word_1_199' title='bbox 679 1793 801 1844; x_wconf 90' lang='lat' dir='ltr'>parte</span> <span class='ocrx_word' id='word_1_200' title='bbox 832 1790 1015 1832; x_wconf 88' lang='lat' dir='ltr'>recitari.</span> <span class='ocrx_word' id='word_1_201' title='bbox 1076 1789 1188 1845; x_wconf 90' lang='lat' dir='ltr'>quod</span> <span class='ocrx_word' id='word_1_202' title='bbox 1227 1789 1263 1830; x_wconf 85' lang='lat' dir='ltr'>si</span> <span class='ocrx_word' id='word_1_203' title='bbox 1298 1789 1506 1831; x_wconf 86' lang='lat' dir='ltr'>vindicari</span> 
     </span>
     <span class='ocr_line' id='line_1_33' title="bbox 242 1847 1506 1903; baseline -0.001 -14"><span class='ocrx_word' id='word_1_204' title='bbox 242 1848 377 1890; x_wconf 91' lang='lat' dir='ltr'>filium</span> <span class='ocrx_word' id='word_1_205' title='bbox 420 1848 588 1903; x_wconf 73' lang='lat' dir='ltr'>mallet,</span> <span class='ocrx_word' id='word_1_206' title='bbox 621 1849 723 1890; x_wconf 89' lang='lat' dir='ltr'>satis</span> <span class='ocrx_word' id='word_1_207' title='bbox 763 1863 856 1890; x_wconf 90' lang='lat' dir='ltr'>eum</span> <span class='ocrx_word' id='word_1_208' title='bbox 890 1849 956 1890; x_wconf 85' lang='lat' dir='ltr'><strong>vel</strong></span> <span class='ocrx_word' id='word_1_209' title='bbox 988 1848 1080 1890; x_wconf 90' lang='lat' dir='ltr'>sola</span> <span class='ocrx_word' id='word_1_210' title='bbox 1112 1847 1321 1901; x_wconf 87' lang='lat' dir='ltr'>expositio</span> <span class='ocrx_word' id='word_1_211' title='bbox 1354 1861 1506 1889; x_wconf 84' lang='lat' dir='ltr'>causae</span> 
     </span>
     <span class='ocr_line' id='line_1_34' title="bbox 242 1909 443 1949; baseline 0.01 -2"><span class='ocrx_word' id='word_1_212' title='bbox 242 1909 443 1949; x_wconf 85' lang='lat' dir='ltr'>tueretur.</span> 
     </span>
    </p>
   </div>
   <div class='ocr_carea' id='block_1_9' title="bbox 240 2007 1506 2277">
    <p class='ocr_par' dir='ltr' id='par_1_9' title="bbox 240 2007 1506 2277">
     <span class='ocr_line' id='line_1_35' title="bbox 338 2007 1506 2054; baseline -0.001 -11"><span class='ocrx_word' id='word_1_213' title='bbox 338 2013 355 2043; x_wconf 85' lang='lat'>1</span> <span class='ocrx_word' id='word_1_214' title='bbox 384 2011 440 2044; x_wconf 87' lang='lat' dir='ltr'>est</span> <span class='ocrx_word' id='word_1_215' title='bbox 464 2009 524 2044; x_wconf 88' lang='lat' dir='ltr'><strong>lex</strong></span> <span class='ocrx_word' id='word_1_216' title='bbox 549 2009 634 2044; x_wconf 87' lang='lat' dir='ltr'>huic</span> <span class='ocrx_word' id='word_1_217' title='bbox 659 2012 711 2043; x_wconf 79' lang='lat' dir='ltr'>Aa.</span> <span class='ocrx_word' id='word_1_218' title='bbox 741 2010 752 2054; x_wconf 80' lang='grc' dir='ltr'>ΙΙ</span> <span class='ocrx_word' id='word_1_219' title='bbox 783 2013 804 2041; x_wconf 81' lang='grc'>3</span> <span class='ocrx_word' id='word_1_220' title='bbox 838 2009 975 2044; x_wconf 83' lang='lat' dir='ltr'>adserit</span> <span class='ocrx_word' id='word_1_221' title='bbox 999 2010 1050 2041; x_wconf 82' lang='lat' dir='ltr'>Ab</span> <span class='ocrx_word' id='word_1_222' title='bbox 1082 2008 1093 2052; x_wconf 79' lang='grc' dir='ltr'>ΙΙ</span> <span class='ocrx_word' id='word_1_223' title='bbox 1124 2011 1146 2042; x_wconf 86' lang='grc'>4</span> <span class='ocrx_word' id='word_1_224' title='bbox 1171 2007 1363 2052; x_wconf 83' lang='lat' dir='ltr'>*paupere</span> <span class='ocrx_word' id='word_1_225' title='bbox 1387 2009 1506 2052; x_wconf 82' lang='lat' dir='ltr'>patre.</span> 
     </span>
     <span class='ocr_line' id='line_1_36' title="bbox 241 2052 1505 2099; baseline -0.002 -9"><span class='ocrx_word' id='word_1_226' title='bbox 241 2055 304 2090; x_wconf 88' lang='lat' dir='ltr'><strong>ille</strong></span> <span class='ocrx_word' id='word_1_227' title='bbox 330 2058 398 2089; x_wconf 83' lang='lat' dir='ltr'>AB</span> <span class='ocrx_word' id='word_1_228' title='bbox 420 2058 432 2099; x_wconf 86' lang='grc' dir='ltr'>ΙΙ</span> <span class='ocrx_word' id='word_1_229' title='bbox 451 2060 471 2090; x_wconf 88' lang='grc'><strong>6</strong></span> <span class='ocrx_word' id='word_1_230' title='bbox 497 2055 642 2090; x_wconf 82' lang='lat' dir='ltr'>etiamsi</span> <span class='ocrx_word' id='word_1_231' title='bbox 660 2056 720 2090; x_wconf 86' lang='lat' dir='ltr'><strong>lex</strong></span> <span class='ocrx_word' id='word_1_232' title='bbox 739 2057 824 2090; x_wconf 90' lang='lat' dir='ltr'>huic</span> <span class='ocrx_word' id='word_1_233' title='bbox 850 2059 913 2098; x_wconf 76' lang='lat' dir='ltr'>Aa,</span> <span class='ocrx_word' id='word_1_234' title='bbox 939 2054 1084 2090; x_wconf 83' lang='lat' dir='ltr'>etiamsi</span> <span class='ocrx_word' id='word_1_235' title='bbox 1109 2052 1194 2088; x_wconf 86' lang='lat' dir='ltr'>huic</span> <span class='ocrx_word' id='word_1_236' title='bbox 1218 2056 1257 2096; x_wconf 78' lang='lat' dir='ltr'>B,</span> <span class='ocrx_word' id='word_1_237' title='bbox 1283 2053 1394 2088; x_wconf 80' lang='lat' dir='ltr'>etiam</span> <span class='ocrx_word' id='word_1_238' title='bbox 1419 2053 1505 2088; x_wconf 84' lang='lat' dir='ltr'>huic</span> 
     </span>
     <span class='ocr_line' id='line_1_37' title="bbox 241 2099 1504 2147; baseline -0.001 -12"><span class='ocrx_word' id='word_1_239' title='bbox 241 2105 266 2135; x_wconf 85' lang='lat' dir='ltr'>P</span> <span class='ocrx_word' id='word_1_240' title='bbox 285 2103 297 2146; x_wconf 85' lang='grc' dir='ltr'>ΙΙ</span> <span class='ocrx_word' id='word_1_241' title='bbox 315 2102 451 2137; x_wconf 83' lang='lat' dir='ltr'>assumi</span> <span class='ocrx_word' id='word_1_242' title='bbox 475 2105 502 2135; x_wconf 86' lang='lat' dir='ltr'>B</span> <span class='ocrx_word' id='word_1_243' title='bbox 528 2104 538 2147; x_wconf 85' lang='grc' dir='ltr'>ΙΙ</span> <span class='ocrx_word' id='word_1_244' title='bbox 567 2107 586 2136; x_wconf 86' lang='grc'><strong>9</strong></span> <span class='ocrx_word' id='word_1_245' title='bbox 613 2101 734 2137; x_wconf 84' lang='lat' dir='ltr'>adfret</span> <span class='ocrx_word' id='word_1_246' title='bbox 758 2105 811 2136; x_wconf 80' lang='lat' dir='ltr'>Aa</span> <span class='ocrx_word' id='word_1_247' title='bbox 841 2104 853 2147; x_wconf 76' lang='grc' dir='ltr'>ΙΙ</span> <span class='ocrx_word' id='word_1_248' title='bbox 887 2106 926 2136; x_wconf 88' lang='grc'>11</span> <span class='ocrx_word' id='word_1_249' title='bbox 954 2099 1292 2147; x_wconf 86' lang='lat' dir='ltr'>sol&lt;lic&gt;itudinem</span> <span class='ocrx_word' id='word_1_250' title='bbox 1318 2099 1389 2134; x_wconf 75' lang='lat' dir='ltr'>Sch</span> <span class='ocrx_word' id='word_1_251' title='bbox 1417 2101 1429 2144; x_wconf 89' lang='grc' dir='ltr'>ΙΙ</span> <span class='ocrx_word' id='word_1_252' title='bbox 1462 2104 1504 2134; x_wconf 87' lang='grc'>13</span> 
     </span>
     <span class='ocr_line' id='line_1_38' title="bbox 242 2146 1500 2195; baseline -0.002 -13"><span class='ocrx_word' id='word_1_253' title='bbox 242 2147 404 2183; x_wconf 87' lang='lat' dir='ltr'><strong>dedisset</strong></span> <span class='ocrx_word' id='word_1_254' title='bbox 428 2152 458 2182; x_wconf 89' lang='lat' dir='ltr'>A</span> <span class='ocrx_word' id='word_1_255' title='bbox 483 2149 494 2192; x_wconf 78' lang='grc' dir='ltr'>ΙΙ</span> <span class='ocrx_word' id='word_1_256' title='bbox 516 2153 558 2183; x_wconf 86' lang='grc'>14</span> <span class='ocrx_word' id='word_1_257' title='bbox 585 2147 749 2195; x_wconf 85' lang='lat' dir='ltr'>qua&lt;m&gt;</span> <span class='ocrx_word' id='word_1_258' title='bbox 775 2149 858 2194; x_wconf 70' lang='lat' dir='ltr'>Gru</span> <span class='ocrx_word' id='word_1_259' title='bbox 878 2152 922 2183; x_wconf 92' lang='grc'>20</span> <span class='ocrx_word' id='word_1_260' title='bbox 947 2147 1084 2193; x_wconf 83' lang='lat' dir='ltr'>gratia]</span> <span class='ocrx_word' id='word_1_261' title='bbox 1125 2157 1211 2181; x_wconf 82' lang='lat' dir='ltr'>cura</span> <span class='ocrx_word' id='word_1_262' title='bbox 1246 2146 1304 2181; x_wconf 83' lang='lat' dir='ltr'>Ro</span> <span class='ocrx_word' id='word_1_263' title='bbox 1331 2147 1342 2191; x_wconf 86' lang='grc' dir='ltr'>ΙΙ</span> <span class='ocrx_word' id='word_1_264' title='bbox 1369 2149 1413 2181; x_wconf 91' lang='grc'>22</span> <span class='ocrx_word' id='word_1_265' title='bbox 1438 2157 1500 2180; x_wconf 87' lang='lat' dir='ltr'><strong>ve-</strong></span> 
     </span>
     <span class='ocr_line' id='line_1_39' title="bbox 240 2191 1504 2239; baseline -0.002 -11"><span class='ocrx_word' id='word_1_266' title='bbox 240 2194 391 2230; x_wconf 83' lang='lat' dir='ltr'>ritatem</span> <span class='ocrx_word' id='word_1_267' title='bbox 417 2198 443 2228; x_wconf 87' lang='lat' dir='ltr'>B</span> <span class='ocrx_word' id='word_1_268' title='bbox 462 2196 473 2239; x_wconf 76' lang='grc' dir='ltr'>Η</span> <span class='ocrx_word' id='word_1_269' title='bbox 493 2199 537 2229; x_wconf 78' lang='grc'>24</span> <span class='ocrx_word' id='word_1_270' title='bbox 563 2195 657 2231; x_wconf 86' lang='lat' dir='ltr'>mori</span> <span class='ocrx_word' id='word_1_271' title='bbox 682 2198 764 2238; x_wconf 83' lang='lat' dir='ltr'>AB,</span> <span class='ocrx_word' id='word_1_272' title='bbox 791 2206 881 2230; x_wconf 79' lang='lat' dir='ltr'>corr.</span> <span class='ocrx_word' id='word_1_273' title='bbox 907 2194 965 2229; x_wconf 83' lang='lat' dir='ltr'>Ro</span> <span class='ocrx_word' id='word_1_274' title='bbox 983 2194 994 2238; x_wconf 91' lang='grc' dir='ltr'>ΙΙ</span> <span class='ocrx_word' id='word_1_275' title='bbox 1013 2197 1058 2228; x_wconf 82' lang='grc'>25</span> <span class='ocrx_word' id='word_1_276' title='bbox 1083 2204 1149 2228; x_wconf 88' lang='lat' dir='ltr'>nos</span> <span class='ocrx_word' id='word_1_277' title='bbox 1172 2195 1202 2226; x_wconf 97' lang='lat' dir='ltr'>A</span> <span class='ocrx_word' id='word_1_278' title='bbox 1220 2193 1231 2237; x_wconf 82' lang='grc' dir='ltr'>ΙΙ</span> <span class='ocrx_word' id='word_1_279' title='bbox 1250 2191 1380 2227; x_wconf 89' lang='lat' dir='ltr'>iudicis</span> <span class='ocrx_word' id='word_1_280' title='bbox 1405 2195 1471 2226; x_wconf 85' lang='lat' dir='ltr'>AB</span> <span class='ocrx_word' id='word_1_281' title='bbox 1490 2193 1504 2237; x_wconf 81' lang='grc' dir='ltr'>[Ι</span> 
     </span>
     <span class='ocr_line' id='line_1_40' title="bbox 244 2242 537 2277; baseline -0.007 -1"><span class='ocrx_word' id='word_1_282' title='bbox 244 2245 287 2277; x_wconf 86' lang='grc'>29</span> <span class='ocrx_word' id='word_1_283' title='bbox 314 2242 461 2277; x_wconf 86' lang='lat' dir='ltr'>veretur</span> <span class='ocrx_word' id='word_1_284' title='bbox 484 2244 537 2275; x_wconf 72' lang='lat' dir='ltr'>Aa</span> 
     </span>
    </p>
   </div>
  </div>
 </body>
</html>
