1604 2488
186 804 227 834 10

187 1104 229 1135 15

187 1394 231 1424 20

188 1682 232 1713 25

253 99 274 139 1
281 98 336 139 60
730 97 1029 139 QUINTILIANI

396 272 596 315 Adulter
626 201 1165 326 uxorislicgglcesserat
1194 271 1356 315 fratri.

253 342 333 391 Qui
371 342 476 383 duos
507 342 618 384 filios
658 341 845 383 habebat
875 342 950 383 uni
983 355 1157 383 uxorem
1186 341 1310 382 dedit.
1369 341 1502 383 altero

369 402 617 454 aegrotante
661 402 703 441 et
744 399 978 441 dicentibus
1022 398 1212 453 medicis,
1255 398 1384 441 animi
1415 413 1506 441 esse

370 458 638 513 languorem,
674 458 852 499 intravit
890 458 1035 498 stricto
1068 456 1210 511 gladio
1242 457 1428 499 minatus
1460 471 1504 499 se

370 517 623 557 moriturum
653 518 786 571 pater,
815 515 899 556 nisi
929 529 1100 557 causam
1130 513 1369 556 indicasset.
1412 529 1505 556 con-

366 573 492 628 fesso,
517 574 652 615 amari
678 589 702 615 a
728 587 770 614 se
796 573 941 614 fratris
966 586 1150 626 uxorem,
1174 571 1306 614 frater
1333 574 1504 626 petente

368 633 489 685 patre
521 632 657 673 cessit.
699 631 772 672 ille
803 631 847 671 in
878 630 1086 672 adulterio
1119 644 1212 671 eam
1243 644 1336 671 cum
1364 631 1504 685 priore

370 689 521 731 marito
554 689 857 743 deprehensam
891 687 1052 730 occidit.
1103 687 1331 729 abdicatur.

665 791 1101 835 DECLAMATIO.

339 862 560 916 Ingressus
602 863 829 916 actionem,
865 862 1100 915 interrogo,
1138 860 1306 915 qualem
1342 863 1507 916 patrem

254 920 377 962 velis:
397 933 568 975 gravem
589 922 631 961 et
652 934 843 961 severum
864 934 919 961 an
939 920 1105 961 facilem
1129 921 1171 960 et
1190 918 1508 973 ignoscentem?

253 993 339 1020 non
371 978 531 1031 dubito,
564 977 664 1032 quin
696 978 940 1019 adulescens
971 977 1184 1019 vindicato
1214 977 1339 1018 modo
1365 977 1507 1018 matri-

254 1036 398 1077 monio
436 1035 558 1077 malit
594 1050 661 1077 me
700 1049 842 1077 severe
880 1049 1015 1090 agere.
1039 1068 1049 1071 ⁷
1085 1034 1184 1075 talis
1221 1035 1353 1089 igitur
1387 1036 1510 1088 pater

256 1094 386 1135 obicit
422 1094 521 1147 tibi,
558 1093 668 1147 quod
704 1093 748 1134 in
786 1107 972 1134 amorem
1010 1092 1206 1134 incideris
1245 1092 1507 1146 cuiusquam:

254 1166 341 1192 non
372 1154 437 1192 est
467 1151 582 1193 istud
613 1151 698 1192 nisi
726 1150 987 1192 lascivientis
1019 1150 1162 1191 animi.
1210 1149 1294 1191 iam
1326 1149 1363 1190 si
1393 1149 1509 1203 haec,

255 1223 381 1263 quam
419 1208 645 1262 adamasti,
682 1211 815 1261 nupta
852 1211 933 1249 est:
970 1211 1017 1250 tu
1058 1207 1240 1248 alienam
1271 1209 1510 1249 matronam

256 1267 391 1321 aliter,
424 1281 550 1320 quam
580 1267 696 1321 leges
727 1266 994 1320 permittunt,
1026 1265 1240 1319 aspexisti.
1281 1264 1509 1307 adiciamus

254 1324 352 1366 huc:
392 1325 538 1366 fratris
569 1338 757 1366 uxorem.
816 1324 1023 1378 intellego
1054 1337 1136 1376 me,
1173 1322 1351 1377 iudices,
1386 1322 1510 1364 fictae

256 1383 355 1424 huic
394 1397 599 1437 personae
639 1382 830 1424 sufficere
867 1396 952 1423 non
988 1395 1130 1436 posse,
1167 1381 1309 1435 itaque
1348 1381 1511 1422 tacebo.

255 1441 347 1494 duc,
373 1440 530 1495 duasne
557 1454 720 1494 sequor.
749 1440 876 1494 paulo
903 1442 1001 1481 ante
1027 1438 1213 1481 dicebas:
1244 1452 1511 1493 eorrumpere

255 1498 399 1539 fratris
431 1513 605 1540 uxorem
638 1512 763 1540 ausus
790 1498 909 1551 es[t]⁷
940 1497 1055 1539 istud
1085 1497 1294 1538 incestum
1325 1499 1398 1538 est.

344 1555 417 1597 Set
446 1556 628 1597 forsitan
659 1555 771 1597 dices
799 1555 963 1609 „amavi
994 1555 1237 1596 adulescens
1267 1568 1372 1608 eam,
1404 1568 1510 1608 quae

256 1613 371 1655 domi
397 1615 498 1664 erat,
530 1614 646 1654 cuius
672 1613 937 1655 conversatio
964 1613 1164 1654 continua
1195 1612 1324 1653 etiam
1355 1611 1510 1654 invitos

260 1671 313 1714 ad
339 1685 382 1712 se
402 1646 554 1713 oculos
580 1673 747 1725 poterat
772 1669 1028 1712 deflectere&
1058 1669 1334 1724 Ignoscamus
1361 1669 1513 1710 amori:
1518 1704 1521 1705 γ

258 1729 394 1770 obicio
432 1729 565 1783 igitur
603 1729 682 1770 tibi
727 1729 887 1769 occisos
926 1742 950 1768 a
989 1730 1031 1768 te
1062 1727 1254 1768 homines
1286 1741 1336 1767 ex
1367 1726 1512 1768 eadem

258 1801 397 1840 causa,
428 1801 511 1841 qua
541 1789 589 1828 tu
621 1786 787 1827 amasti.
846 1785 1063 1838 null<i>us
1096 1787 1161 1826 est
1191 1787 1280 1826 tam
1312 1784 1408 1826 vilis
1439 1784 1512 1826 ho-

257 1845 383 1886 minis
427 1845 616 1900 sanguis,
659 1847 706 1886 ut
749 1858 837 1885 non
879 1857 1029 1884 manus
1078 1843 1284 1897 inquinet.
1365 1841 1512 1884 deinde

257 1903 366 1944 hanc
405 1916 483 1958 ego
517 1902 786 1944 severitatem
818 1901 911 1943 aliis
949 1900 1228 1955 permiserim:
1271 1902 1318 1941 tu
1355 1900 1428 1954 qui
1471 1903 1525 1943 et.

351 2008 371 2039 2
397 2015 491 2048 quae
515 2008 568 2038 Aa
585 2005 598 2049 11
623 2008 643 2039 6
669 2003 846 2039 confessio
870 2007 923 2038 Aa
940 2005 952 2048 11
973 2007 1013 2038 11
1041 2003 1149 2048 quale
1174 2005 1203 2036 A
1220 2003 1233 2047 11
1253 2005 1295 2036 12
1323 1998 1363 2028 Ν
1390 2004 1421 2035 A
1437 2002 1451 2046 11
1471 2005 1512 2036 13

258 2051 345 2094 quia
368 2054 394 2084 B
413 2053 425 2095 11
446 2055 487 2086 19
513 2051 688 2086 iudicium
713 2053 743 2084 A
760 2052 773 2094 11
791 2055 833 2085 21
863 2051 922 2085 dic
947 2050 1006 2084 dic
1031 2052 1104 2093 AB,
1136 2059 1224 2084 corr.
1250 2048 1323 2090 Ro3
1361 2058 1411 2082 an
1434 2047 1513 2082 *dic

258 2100 316 2140 tu3
341 2098 378 2131 te
399 2109 544 2141 sequor.
570 2109 606 2142 p.
625 2096 673 2140 (Β)
693 2098 706 2141 11
724 2101 767 2131 22
789 2096 904 2142 *es[t]
925 2098 936 2141 11
955 2100 998 2131 23
1018 2096 1144 2130 *dicet
1161 2098 1222 2129 AB
1241 2096 1253 2139 11
1273 2097 1408 2129 21-23
1435 2104 1514 2128 cor-

259 2154 427 2188 rumpere
452 2144 476 2179 f.
502 2156 536 2179 u.
557 2154 589 2178 a.
609 2145 675 2187 est,
701 2143 759 2178 ist.
779 2144 802 2178 i.
824 2146 889 2179 est.
916 2142 980 2178 sed
1004 2142 1087 2177 fors.
1114 2141 1228 2177 dicet:
1255 2140 1403 2176 »amavi
1427 2143 1488 2174 etc.
1492 2150 1512 2175 «

259 2192 314 2233 (ut
337 2190 412 2225 sint
437 2191 615 2232 interfecti
638 2190 758 2234 verba)
784 2190 860 2233 Ro,·
885 2190 944 2224 sed
969 2189 1012 2231 cf.
1039 2189 1309 2269 (1801286110124
1334 2187 1438 2222 erant
1461 2186 1513 2231 ΔΗ

260 2241 304 2271 27
333 2241 372 2270 Ν
402 2240 430 2270 A
449 2239 460 2281 11
480 2235 668 2283 nu11<i>us
694 2235 792 2281 Schss
811 2240 854 2270 29
881 2235 977 2280 quod
1002 2237 1075 2278 AB,
1101 2245 1180 2270 corr
