<?xml version="1.0" encoding="UTF-8"?>
<!DOCTYPE html PUBLIC "-//W3C//DTD XHTML 1.0 Transitional//EN"
    "http://www.w3.org/TR/xhtml1/DTD/xhtml1-transitional.dtd">
<html xmlns="http://www.w3.org/1999/xhtml" xml:lang="en" lang="en">
 <head>
  <title>
</title>
<meta http-equiv="Content-Type" content="text/html;charset=utf-8" />
  <meta name='ocr-system' content='tesseract 3.04.00' />
  <meta name='ocr-capabilities' content='ocr_page ocr_carea ocr_par ocr_line ocrx_word'/>
</head>
<body>
  <div class='ocr_page' id='page_1' title='image "./declamationesqua00quinuoft_0208.png"; bbox 0 0 1604 2488; ppageno 0'>
   <div class='ocr_carea' id='block_1_1' title="bbox 258 109 1031 153">
    <p class='ocr_par' dir='ltr' id='par_1_1' title="bbox 258 109 1031 153">
     <span class='ocr_line' id='line_1_1' title="bbox 258 109 1031 153; baseline -0.009 -3"><span class='ocrx_word' id='word_1_1' title='bbox 258 110 278 150; x_wconf 91' lang='grc'>1</span> <span class='ocrx_word' id='word_1_2' title='bbox 287 109 341 150; x_wconf 81' lang='grc'>72</span> <span class='ocrx_word' id='word_1_3' title='bbox 735 109 1031 153; x_wconf 84' lang='lat' dir='ltr'>QUINTILIANI</span> 
     </span>
    </p>
   </div>
   <div class='ocr_carea' id='block_1_2' title="bbox 178 215 1510 790">
    <p class='ocr_par' dir='ltr' id='par_1_2' title="bbox 178 215 1510 790">
     <span class='ocr_line' id='line_1_2' title="bbox 254 215 1510 271; baseline 0.001 -14"><span class='ocrx_word' id='word_1_4' title='bbox 254 215 491 258; x_wconf 80' lang='lat' dir='ltr'>violatum?</span> <span class='ocrx_word' id='word_1_5' title='bbox 530 217 676 271; x_wconf 84' lang='lat' dir='ltr'>magni</span> <span class='ocrx_word' id='word_1_6' title='bbox 707 216 896 258; x_wconf 83' lang='lat' dir='ltr'>adfectus</span> <span class='ocrx_word' id='word_1_7' title='bbox 927 216 1021 257; x_wconf 84' lang='lat' dir='ltr'>iura</span> <span class='ocrx_word' id='word_1_8' title='bbox 1050 229 1137 257; x_wconf 89' lang='lat' dir='ltr'>non</span> <span class='ocrx_word' id='word_1_9' title='bbox 1168 218 1374 270; x_wconf 77' lang='lat' dir='ltr'>spectant.</span> <span class='ocrx_word' id='word_1_10' title='bbox 1436 216 1510 258; x_wconf 86' lang='lat' dir='ltr'>sed</span> 
     </span>
     <span class='ocr_line' id='line_1_3' title="bbox 252 274 1510 328; baseline 0 -13"><span class='ocrx_word' id='word_1_11' title='bbox 252 288 304 315; x_wconf 90' lang='lat' dir='ltr'>ne</span> <span class='ocrx_word' id='word_1_12' title='bbox 343 274 544 315; x_wconf 74' lang='lat' dir='ltr'>dimisisti</span> <span class='ocrx_word' id='word_1_13' title='bbox 579 274 750 328; x_wconf 90' lang='lat' dir='ltr'>quidem</span> <span class='ocrx_word' id='word_1_14' title='bbox 786 275 898 316; x_wconf 89' lang='lat' dir='ltr'>bona</span> <span class='ocrx_word' id='word_1_15' title='bbox 934 274 1024 315; x_wconf 90' lang='lat' dir='ltr'>fide.</span> <span class='ocrx_word' id='word_1_16' title='bbox 1083 287 1183 315; x_wconf 87' lang='lat' dir='ltr'>nam</span> <span class='ocrx_word' id='word_1_17' title='bbox 1226 276 1270 315; x_wconf 90' lang='lat' dir='ltr'>et</span> <span class='ocrx_word' id='word_1_18' title='bbox 1310 274 1510 316; x_wconf 74' lang='lat' dir='ltr'>sustineri</span> 
     </span>
     <span class='ocr_line' id='line_1_4' title="bbox 254 331 1506 386; baseline 0.001 -13"><span class='ocrx_word' id='word_1_19' title='bbox 254 332 406 374; x_wconf 86' lang='lat' dir='ltr'><strong>absens</strong></span> <span class='ocrx_word' id='word_1_20' title='bbox 442 334 599 386; x_wconf 84' lang='lat' dir='ltr'>potest.</span> <span class='ocrx_word' id='word_1_21' title='bbox 657 346 734 374; x_wconf 87' lang='lat' dir='ltr'>nee</span> <span class='ocrx_word' id='word_1_22' title='bbox 770 332 936 386; x_wconf 89' lang='lat' dir='ltr'>dubito,</span> <span class='ocrx_word' id='word_1_23' title='bbox 973 331 1075 385; x_wconf 89' lang='lat' dir='ltr'>quin</span> <span class='ocrx_word' id='word_1_24' title='bbox 1111 333 1355 386; x_wconf 81' lang='lat' dir='ltr'>expectetur</span> <span class='ocrx_word' id='word_1_25' title='bbox 1388 346 1506 374; x_wconf 89' lang='lat' dir='ltr'>mors</span> 
     </span>
     <span class='ocr_line' id='line_1_5' title="bbox 251 388 1504 443; baseline 0 -12"><span class='ocrx_word' id='word_1_26' title='bbox 251 404 357 431; x_wconf 90' lang='lat' dir='ltr'>mea.</span> <span class='ocrx_word' id='word_1_27' title='bbox 401 388 462 431; x_wconf 88' lang='lat' dir='ltr'>Ut</span> <span class='ocrx_word' id='word_1_28' title='bbox 490 403 580 432; x_wconf 80' lang='lat' dir='ltr'>vero</span> <span class='ocrx_word' id='word_1_29' title='bbox 610 404 697 431; x_wconf 89' lang='lat' dir='ltr'>non</span> <span class='ocrx_word' id='word_1_30' title='bbox 730 390 867 432; x_wconf 89' lang='lat' dir='ltr'>solum</span> <span class='ocrx_word' id='word_1_31' title='bbox 897 390 1046 443; x_wconf 88' lang='lat' dir='ltr'>iustae,</span> <span class='ocrx_word' id='word_1_32' title='bbox 1078 389 1149 431; x_wconf 90' lang='lat' dir='ltr'>sed</span> <span class='ocrx_word' id='word_1_33' title='bbox 1180 389 1310 431; x_wconf 82' lang='lat' dir='ltr'>etiam</span> <span class='ocrx_word' id='word_1_34' title='bbox 1333 390 1504 431; x_wconf 89' lang='lat' dir='ltr'>misera-</span> 
     </span>
     <span class='ocr_line' id='line_1_6' title="bbox 205 447 1509 501; baseline 0.002 -14"><span class='ocrx_word' id='word_1_35' title='bbox 205 456 224 487; x_wconf 86' lang='lat'>5</span> <span class='ocrx_word' id='word_1_36' title='bbox 250 447 359 488; x_wconf 87' lang='lat' dir='ltr'>biles</span> <span class='ocrx_word' id='word_1_37' title='bbox 401 461 554 490; x_wconf 82' lang='lat' dir='ltr'>causae</span> <span class='ocrx_word' id='word_1_38' title='bbox 598 447 880 490; x_wconf 78' lang='lat' dir='ltr'>abdicationis</span> <span class='ocrx_word' id='word_1_39' title='bbox 925 447 1026 500; x_wconf 88' lang='lat' dir='ltr'>sint,</span> <span class='ocrx_word' id='word_1_40' title='bbox 1071 447 1207 488; x_wconf 88' lang='lat' dir='ltr'>filium</span> <span class='ocrx_word' id='word_1_41' title='bbox 1249 447 1415 501; x_wconf 89' lang='lat' dir='ltr'>perdidi</span> <span class='ocrx_word' id='word_1_42' title='bbox 1459 461 1509 490; x_wconf 89' lang='lat' dir='ltr'>eo</span> 
     </span>
     <span class='ocr_line' id='line_1_7' title="bbox 250 504 1508 560; baseline 0.001 -14"><span class='ocrx_word' id='word_1_43' title='bbox 250 508 452 559; x_wconf 89' lang='lat' dir='ltr'>tempore,</span> <span class='ocrx_word' id='word_1_44' title='bbox 484 520 566 560; x_wconf 89' lang='lat' dir='ltr'>quo</span> <span class='ocrx_word' id='word_1_45' title='bbox 598 506 727 547; x_wconf 90' lang='lat' dir='ltr'>miser</span> <span class='ocrx_word' id='word_1_46' title='bbox 759 508 862 548; x_wconf 88' lang='lat' dir='ltr'>erat.</span> <span class='ocrx_word' id='word_1_47' title='bbox 911 519 998 547; x_wconf 90' lang='lat' dir='ltr'>non</span> <span class='ocrx_word' id='word_1_48' title='bbox 1029 504 1150 546; x_wconf 84' lang='lat' dir='ltr'>licuit</span> <span class='ocrx_word' id='word_1_49' title='bbox 1180 505 1331 547; x_wconf 86' lang='lat' dir='ltr'>saltem</span> <span class='ocrx_word' id='word_1_50' title='bbox 1361 506 1407 547; x_wconf 89' lang='lat' dir='ltr'>in</span> <span class='ocrx_word' id='word_1_51' title='bbox 1436 519 1508 559; x_wconf 85' lang='lat' dir='ltr'>pa·</span> 
     </span>
     <span class='ocr_line' id='line_1_8' title="bbox 248 562 1509 617; baseline 0 -14"><span class='ocrx_word' id='word_1_52' title='bbox 248 563 350 616; x_wconf 88' lang='lat' dir='ltr'>tria,</span> <span class='ocrx_word' id='word_1_53' title='bbox 387 577 474 605; x_wconf 89' lang='lat' dir='ltr'>non</span> <span class='ocrx_word' id='word_1_54' title='bbox 511 564 557 604; x_wconf 90' lang='lat' dir='ltr'>in</span> <span class='ocrx_word' id='word_1_55' title='bbox 593 563 719 606; x_wconf 92' lang='lat' dir='ltr'>domo</span> <span class='ocrx_word' id='word_1_56' title='bbox 758 578 834 605; x_wconf 85' lang='lat' dir='ltr'>sua</span> <span class='ocrx_word' id='word_1_57' title='bbox 865 566 1098 604; x_wconf 85' lang='lat' dir='ltr'>extremum</span> <span class='ocrx_word' id='word_1_58' title='bbox 1128 562 1195 604; x_wconf 86' lang='lat' dir='ltr'>illi</span> <span class='ocrx_word' id='word_1_59' title='bbox 1225 563 1421 617; x_wconf 82' lang='lat' dir='ltr'>spiritum</span> <span class='ocrx_word' id='word_1_60' title='bbox 1453 563 1509 604; x_wconf 87' lang='lat' dir='ltr'>ef-</span> 
     </span>
     <span class='ocr_line' id='line_1_9' title="bbox 247 620 1507 676; baseline 0.001 -15"><span class='ocrx_word' id='word_1_61' title='bbox 247 620 442 662; x_wconf 77' lang='lat' dir='ltr'>fun‘dere:</span> <span class='ocrx_word' id='word_1_62' title='bbox 470 621 543 663; x_wconf 88' lang='lat' dir='ltr'>sed</span> <span class='ocrx_word' id='word_1_63' title='bbox 569 622 679 676; x_wconf 89' lang='lat' dir='ltr'>quod</span> <span class='ocrx_word' id='word_1_64' title='bbox 706 624 772 663; x_wconf 86' lang='lat' dir='ltr'>est</span> <span class='ocrx_word' id='word_1_65' title='bbox 791 620 1286 675; x_wconf 78' lang='lat' dir='ltr'>contumeliosissimum,</span> <span class='ocrx_word' id='word_1_66' title='bbox 1309 621 1507 663; x_wconf 81' lang='lat' dir='ltr'>manibus</span> 
     </span>
     <span class='ocr_line' id='line_1_10' title="bbox 247 677 1509 734; baseline 0 -15"><span class='ocrx_word' id='word_1_67' title='bbox 247 679 426 732; x_wconf 82' lang='lat' dir='ltr'>parasiti</span> <span class='ocrx_word' id='word_1_68' title='bbox 458 682 500 720; x_wconf 91' lang='lat' dir='ltr'>et</span> <span class='ocrx_word' id='word_1_69' title='bbox 531 679 689 734; x_wconf 90' lang='lat' dir='ltr'>inpune</span> <span class='ocrx_word' id='word_1_70' title='bbox 722 680 885 722; x_wconf 78' lang='lat' dir='ltr'>occisus</span> <span class='ocrx_word' id='word_1_71' title='bbox 911 682 986 733; x_wconf 86' lang='lat' dir='ltr'>est,</span> <span class='ocrx_word' id='word_1_72' title='bbox 1017 692 1142 734; x_wconf 89' lang='lat' dir='ltr'>quem</span> <span class='ocrx_word' id='word_1_73' title='bbox 1167 677 1391 734; x_wconf 83' lang='lat' dir='ltr'>indignum</span> <span class='ocrx_word' id='word_1_74' title='bbox 1415 680 1509 720; x_wconf 88' lang='lat' dir='ltr'>erat</span> 
     </span>
     <span class='ocr_line' id='line_1_11' title="bbox 178 736 942 790; baseline 0.003 -14"><span class='ocrx_word' id='word_1_75' title='bbox 178 745 219 777; x_wconf 88' lang='lat'>10</span> <span class='ocrx_word' id='word_1_76' title='bbox 245 736 401 790; x_wconf 88' lang='lat' dir='ltr'>inpune</span> <span class='ocrx_word' id='word_1_77' title='bbox 437 737 590 779; x_wconf 88' lang='lat' dir='ltr'>saltem</span> <span class='ocrx_word' id='word_1_78' title='bbox 621 737 731 779; x_wconf 83' lang='lat' dir='ltr'>male</span> <span class='ocrx_word' id='word_1_79' title='bbox 764 737 942 779; x_wconf 86' lang='lat' dir='ltr'>audisse.</span> 
     </span>
    </p>
   </div>
   <div class='ocr_carea' id='block_1_3' title="bbox 399 873 1341 999">
    <p class='ocr_par' dir='ltr' id='par_1_3' title="bbox 399 873 1341 999">
     <span class='ocr_line' id='line_1_12' title="bbox 750 873 1014 918; baseline 0 0"><span class='ocrx_word' id='word_1_80' title='bbox 750 873 1014 918; x_wconf 81' lang='lat' dir='ltr'>CCXCVII.</span> 
     </span>
     <span class='ocr_line' id='line_1_13' title="bbox 399 954 1341 999; baseline 0.002 -3"><span class='ocrx_word' id='word_1_81' title='bbox 399 954 627 996; x_wconf 78' lang='lat' dir='ltr'>Meretrix</span> <span class='ocrx_word' id='word_1_82' title='bbox 659 955 716 996; x_wconf 85' lang='lat' dir='ltr'>ab</span> <span class='ocrx_word' id='word_1_83' title='bbox 748 955 956 998; x_wconf 83' lang='lat' dir='ltr'>amatore</span> <span class='ocrx_word' id='word_1_84' title='bbox 987 954 1109 998; x_wconf 82' lang='lat' dir='ltr'>forti</span> <span class='ocrx_word' id='word_1_85' title='bbox 1140 954 1341 999; x_wconf 78' lang='lat' dir='ltr'>caecata.</span> 
     </span>
    </p>
   </div>
   <div class='ocr_carea' id='block_1_4' title="bbox 169 1034 1497 1309">
    <p class='ocr_par' dir='ltr' id='par_1_4' title="bbox 240 1034 1497 1086">
     <span class='ocr_line' id='line_1_14' title="bbox 240 1034 1497 1086; baseline 0.001 -10"><span class='ocrx_word' id='word_1_86' title='bbox 240 1034 326 1084; x_wconf 82' lang='lat' dir='ltr'>Qm</span> <span class='ocrx_word' id='word_1_87' title='bbox 357 1046 705 1077; x_wconf 79' lang='lat' dir='ltr'>EXCAECAVERIT</span> <span class='ocrx_word' id='word_1_88' title='bbox 737 1047 945 1086; x_wconf 79' lang='lat' dir='ltr'>ALIQUEM</span> <span class='ocrx_word' id='word_1_89' title='bbox 976 1048 1066 1078; x_wconf 84' lang='lat' dir='ltr'>AUT</span> <span class='ocrx_word' id='word_1_90' title='bbox 1097 1047 1337 1078; x_wconf 79' lang='lat' dir='ltr'>TALIONEM</span> <span class='ocrx_word' id='word_1_91' title='bbox 1360 1047 1497 1077; x_wconf 74' lang='lat' dir='ltr'>PRAE—</span> 
     </span>
    </p>

    <p class='ocr_par' dir='ltr' id='par_1_5' title="bbox 354 1093 1496 1136">
     <span class='ocr_line' id='line_1_15' title="bbox 354 1093 1496 1136; baseline 0.001 -2"><span class='ocrx_word' id='word_1_92' title='bbox 354 1104 472 1134; x_wconf 81' lang='lat' dir='ltr'>BEAT</span> <span class='ocrx_word' id='word_1_93' title='bbox 497 1105 587 1135; x_wconf 79' lang='lat' dir='ltr'>AUT</span> <span class='ocrx_word' id='word_1_94' title='bbox 611 1104 868 1135; x_wconf 82' lang='lat' dir='ltr'>EXCAEOATI</span> <span class='ocrx_word' id='word_1_95' title='bbox 892 1105 987 1136; x_wconf 81' lang='lat' dir='ltr'>Dux</span> <span class='ocrx_word' id='word_1_96' title='bbox 1014 1105 1095 1136; x_wconf 83' lang='lat' dir='ltr'>srr.</span> <span class='ocrx_word' id='word_1_97' title='bbox 1126 1093 1359 1136; x_wconf 82' lang='lat' dir='ltr'>Meretricis</span> <span class='ocrx_word' id='word_1_98' title='bbox 1385 1108 1496 1135; x_wconf 86' lang='lat' dir='ltr'>ama-</span> 
     </span>
    </p>

    <p class='ocr_par' dir='ltr' id='par_1_6' title="bbox 169 1151 1494 1194">
     <span class='ocr_line' id='line_1_16' title="bbox 169 1151 1494 1194; baseline 0.001 -3"><span class='ocrx_word' id='word_1_99' title='bbox 169 1161 211 1192; x_wconf 80' lang='lat'>15</span> <span class='ocrx_word' id='word_1_100' title='bbox 353 1154 423 1192; x_wconf 89' lang='lat' dir='ltr'>tor</span> <span class='ocrx_word' id='word_1_101' title='bbox 453 1151 622 1193; x_wconf 88' lang='lat' dir='ltr'>fortiter</span> <span class='ocrx_word' id='word_1_102' title='bbox 651 1151 764 1193; x_wconf 86' lang='lat' dir='ltr'>feeit.</span> <span class='ocrx_word' id='word_1_103' title='bbox 810 1155 1097 1194; x_wconf 83' lang='lat' dir='ltr'>occurrentem</span> <span class='ocrx_word' id='word_1_104' title='bbox 1124 1151 1207 1193; x_wconf 87' lang='lat' dir='ltr'>sibi</span> <span class='ocrx_word' id='word_1_105' title='bbox 1231 1151 1494 1194; x_wconf 80' lang='lat' dir='ltr'>meretricem</span> 
     </span>
    </p>

    <p class='ocr_par' dir='ltr' id='par_1_7' title="bbox 352 1208 1494 1309">
     <span class='ocr_line' id='line_1_17' title="bbox 354 1208 1494 1263; baseline 0.001 -14"><span class='ocrx_word' id='word_1_106' title='bbox 354 1209 605 1250; x_wconf 85' lang='lat' dir='ltr'>exeaecavit.</span> <span class='ocrx_word' id='word_1_107' title='bbox 654 1210 764 1263; x_wconf 89' lang='lat' dir='ltr'>petit</span> <span class='ocrx_word' id='word_1_108' title='bbox 801 1209 895 1263; x_wconf 89' lang='lat' dir='ltr'>illa,</span> <span class='ocrx_word' id='word_1_109' title='bbox 930 1212 980 1251; x_wconf 85' lang='lat' dir='ltr'>ut</span> <span class='ocrx_word' id='word_1_110' title='bbox 1016 1209 1162 1251; x_wconf 90' lang='lat' dir='ltr'>eodem</span> <span class='ocrx_word' id='word_1_111' title='bbox 1199 1208 1302 1251; x_wconf 83' lang='lat' dir='ltr'>duee</span> <span class='ocrx_word' id='word_1_112' title='bbox 1335 1211 1494 1251; x_wconf 88' lang='lat' dir='ltr'>utatur.</span> 
     </span>
     <span class='ocr_line' id='line_1_18' title="bbox 352 1266 1106 1309; baseline 0.003 -2"><span class='ocrx_word' id='word_1_113' title='bbox 352 1268 521 1308; x_wconf 82' lang='lat' dir='ltr'>recusat</span> <span class='ocrx_word' id='word_1_114' title='bbox 551 1266 623 1307; x_wconf 87' lang='lat' dir='ltr'>ille</span> <span class='ocrx_word' id='word_1_115' title='bbox 657 1269 700 1308; x_wconf 89' lang='lat' dir='ltr'>et</span> <span class='ocrx_word' id='word_1_116' title='bbox 731 1267 858 1309; x_wconf 87' lang='lat' dir='ltr'>offert</span> <span class='ocrx_word' id='word_1_117' title='bbox 889 1267 1106 1309; x_wconf 88' lang='lat' dir='ltr'>talionem.</span> 
     </span>
    </p>
   </div>
   <div class='ocr_carea' id='block_1_5' title="bbox 653 1381 1096 1424">
    <p class='ocr_par' dir='ltr' id='par_1_8' title="bbox 653 1381 1096 1424">
     <span class='ocr_line' id='line_1_19' title="bbox 653 1381 1096 1424; baseline 0.002 -1"><span class='ocrx_word' id='word_1_118' title='bbox 653 1381 1096 1424; x_wconf 85' lang='lat' dir='ltr'>DECLAMATIO.</span> 
     </span>
    </p>
   </div>
   <div class='ocr_carea' id='block_1_6' title="bbox 155 1461 1561 1981">
    <p class='ocr_par' dir='ltr' id='par_1_9' title="bbox 328 1461 1561 1519">
     <span class='ocr_line' id='line_1_20' title="bbox 328 1461 1561 1519; baseline -0.001 -14"><span class='ocrx_word' id='word_1_119' title='bbox 328 1461 372 1505; x_wconf 85' lang='lat' dir='ltr'>Si</span> <span class='ocrx_word' id='word_1_120' title='bbox 404 1464 521 1518; x_wconf 90' lang='lat' dir='ltr'>quis,</span> <span class='ocrx_word' id='word_1_121' title='bbox 558 1463 734 1518; x_wconf 83' lang='lat' dir='ltr'>iudices,</span> <span class='ocrx_word' id='word_1_122' title='bbox 777 1464 871 1519; x_wconf 87' lang='lat' dir='ltr'>lege</span> <span class='ocrx_word' id='word_1_123' title='bbox 903 1463 1110 1517; x_wconf 15' lang='lat' dir='ltr'>adversus,</span> <span class='ocrx_word' id='word_1_124' title='bbox 1135 1477 1226 1518; x_wconf 88' lang='lat' dir='ltr'>eos,</span> <span class='ocrx_word' id='word_1_125' title='bbox 1263 1463 1335 1518; x_wconf 89' lang='lat' dir='ltr'>qui</span> <span class='ocrx_word' id='word_1_126' title='bbox 1367 1476 1510 1505; x_wconf 82' lang='lat' dir='ltr'>exeae-</span> <span class='ocrx_word' id='word_1_127' title='bbox 1559 1489 1561 1491; x_wconf 87' lang='lat'>·</span> 
     </span>
    </p>

    <p class='ocr_par' dir='ltr' id='par_1_10' title="bbox 163 1520 1510 1807">
     <span class='ocr_line' id='line_1_21' title="bbox 163 1520 1510 1576; baseline 0 -14"><span class='ocrx_word' id='word_1_128' title='bbox 163 1531 209 1563; x_wconf 84' lang='lat'>20</span> <span class='ocrx_word' id='word_1_129' title='bbox 239 1524 465 1575; x_wconf 86' lang='lat' dir='ltr'>caverunt,</span> <span class='ocrx_word' id='word_1_130' title='bbox 496 1522 558 1563; x_wconf 84' lang='lat' dir='ltr'>ita</span> <span class='ocrx_word' id='word_1_131' title='bbox 590 1522 844 1576; x_wconf 84' lang='lat' dir='ltr'>composita,</span> <span class='ocrx_word' id='word_1_132' title='bbox 874 1524 922 1563; x_wconf 91' lang='lat' dir='ltr'>ut</span> <span class='ocrx_word' id='word_1_133' title='bbox 952 1523 1027 1564; x_wconf 84' lang='lat' dir='ltr'>aut</span> <span class='ocrx_word' id='word_1_134' title='bbox 1055 1521 1260 1563; x_wconf 87' lang='lat' dir='ltr'>talionem</span> <span class='ocrx_word' id='word_1_135' title='bbox 1290 1520 1510 1575; x_wconf 83' lang='lat' dir='ltr'>patiantur</span> 
     </span>
     <span class='ocr_line' id='line_1_22' title="bbox 239 1578 1506 1634; baseline -0.001 -14"><span class='ocrx_word' id='word_1_136' title='bbox 239 1581 315 1620; x_wconf 91' lang='lat' dir='ltr'>aut</span> <span class='ocrx_word' id='word_1_137' title='bbox 356 1578 624 1634; x_wconf 88' lang='lat' dir='ltr'>aliquatenus</span> <span class='ocrx_word' id='word_1_138' title='bbox 667 1580 867 1621; x_wconf 87' lang='lat' dir='ltr'>solatium</span> <span class='ocrx_word' id='word_1_139' title='bbox 902 1579 1082 1621; x_wconf 86' lang='lat' dir='ltr'>iniuriae</span> <span class='ocrx_word' id='word_1_140' title='bbox 1111 1581 1347 1633; x_wconf 84' lang='lat' dir='ltr'>praestent,</span> <span class='ocrx_word' id='word_1_141' title='bbox 1387 1578 1506 1619; x_wconf 88' lang='lat' dir='ltr'>litem</span> 
     </span>
     <span class='ocr_line' id='line_1_23' title="bbox 238 1636 1510 1692; baseline -0.001 -14"><span class='ocrx_word' id='word_1_142' title='bbox 238 1650 330 1678; x_wconf 87' lang='lat' dir='ltr'>esse</span> <span class='ocrx_word' id='word_1_143' title='bbox 357 1636 516 1690; x_wconf 87' lang='lat' dir='ltr'>audiat,</span> <span class='ocrx_word' id='word_1_144' title='bbox 543 1637 679 1678; x_wconf 87' lang='lat' dir='ltr'>altera</span> <span class='ocrx_word' id='word_1_145' title='bbox 702 1640 827 1692; x_wconf 85' lang='lat' dir='ltr'>parte</span> <span class='ocrx_word' id='word_1_146' title='bbox 853 1637 1041 1678; x_wconf 87' lang='lat' dir='ltr'>similem</span> <span class='ocrx_word' id='word_1_147' title='bbox 1066 1636 1282 1679; x_wconf 83' lang='lat' dir='ltr'>fortunam</span> <span class='ocrx_word' id='word_1_148' title='bbox 1302 1636 1510 1691; x_wconf 82' lang='lat' dir='ltr'>exigente,</span> 
     </span>
     <span class='ocr_line' id='line_1_24' title="bbox 237 1693 1508 1749; baseline -0.001 -14"><span class='ocrx_word' id='word_1_149' title='bbox 237 1694 375 1736; x_wconf 87' lang='lat' dir='ltr'>altera</span> <span class='ocrx_word' id='word_1_150' title='bbox 407 1694 626 1736; x_wconf 88' lang='lat' dir='ltr'>mitiorem</span> <span class='ocrx_word' id='word_1_151' title='bbox 657 1698 822 1749; x_wconf 86' lang='lat' dir='ltr'>partem</span> <span class='ocrx_word' id='word_1_152' title='bbox 854 1695 963 1749; x_wconf 85' lang='lat' dir='ltr'>legis</span> <span class='ocrx_word' id='word_1_153' title='bbox 993 1694 1284 1748; x_wconf 86' lang='lat' dir='ltr'>amplectente,</span> <span class='ocrx_word' id='word_1_154' title='bbox 1314 1693 1508 1748; x_wconf 87' lang='lat' dir='ltr'>profecto</span> 
     </span>
     <span class='ocr_line' id='line_1_25' title="bbox 237 1751 1506 1807; baseline -0.002 -13"><span class='ocrx_word' id='word_1_155' title='bbox 237 1752 452 1794; x_wconf 80' lang='lat' dir='ltr'>existimet</span> <span class='ocrx_word' id='word_1_156' title='bbox 492 1752 604 1795; x_wconf 85' lang='lat' dir='ltr'>hane</span> <span class='ocrx_word' id='word_1_157' title='bbox 637 1753 856 1794; x_wconf 88' lang='lat' dir='ltr'>mulierem</span> <span class='ocrx_word' id='word_1_158' title='bbox 888 1752 932 1794; x_wconf 89' lang='lat' dir='ltr'>id</span> <span class='ocrx_word' id='word_1_159' title='bbox 963 1751 1200 1807; x_wconf 88' lang='lat' dir='ltr'>postulare,</span> <span class='ocrx_word' id='word_1_160' title='bbox 1235 1754 1284 1793; x_wconf 89' lang='lat' dir='ltr'>ut</span> <span class='ocrx_word' id='word_1_161' title='bbox 1315 1764 1506 1793; x_wconf 82' lang='lat' dir='ltr'>excaece-</span> 
     </span>
    </p>

    <p class='ocr_par' dir='ltr' id='par_1_11' title="bbox 155 1809 1504 1981">
     <span class='ocr_line' id='line_1_26' title="bbox 155 1809 1501 1864; baseline -0.001 -13"><span class='ocrx_word' id='word_1_162' title='bbox 155 1820 201 1851; x_wconf 78' lang='lat'>25</span> <span class='ocrx_word' id='word_1_163' title='bbox 236 1813 307 1852; x_wconf 86' lang='lat' dir='ltr'>tur</span> <span class='ocrx_word' id='word_1_164' title='bbox 331 1811 381 1862; x_wconf 88' lang='lat' dir='ltr'>is,</span> <span class='ocrx_word' id='word_1_165' title='bbox 411 1810 483 1864; x_wconf 86' lang='lat' dir='ltr'>qui</span> <span class='ocrx_word' id='word_1_166' title='bbox 510 1811 596 1852; x_wconf 89' lang='lat' dir='ltr'>sibi</span> <span class='ocrx_word' id='word_1_167' title='bbox 622 1811 765 1852; x_wconf 86' lang='lat' dir='ltr'>oeulos</span> <span class='ocrx_word' id='word_1_168' title='bbox 791 1810 1024 1864; x_wconf 87' lang='lat' dir='ltr'>eru&lt;er&gt;it:</span> <span class='ocrx_word' id='word_1_169' title='bbox 1050 1809 1170 1852; x_wconf 89' lang='lat' dir='ltr'>illum</span> <span class='ocrx_word' id='word_1_170' title='bbox 1196 1810 1338 1851; x_wconf 83' lang='lat' dir='ltr'>autem</span> <span class='ocrx_word' id='word_1_171' title='bbox 1362 1809 1501 1850; x_wconf 84' lang='lat' dir='ltr'>virum</span> 
     </span>
     <span class='ocr_line' id='line_1_27' title="bbox 235 1867 1503 1924; baseline -0.002 -14"><span class='ocrx_word' id='word_1_172' title='bbox 235 1868 391 1910; x_wconf 85' lang='lat' dir='ltr'>fortem</span> <span class='ocrx_word' id='word_1_173' title='bbox 430 1868 586 1910; x_wconf 81' lang='lat' dir='ltr'>fiducia</span> <span class='ocrx_word' id='word_1_174' title='bbox 625 1869 873 1910; x_wconf 86' lang='lat' dir='ltr'>meritorum</span> <span class='ocrx_word' id='word_1_175' title='bbox 911 1882 1016 1924; x_wconf 87' lang='lat' dir='ltr'>erga</span> <span class='ocrx_word' id='word_1_176' title='bbox 1045 1881 1136 1909; x_wconf 90' lang='lat' dir='ltr'>rem</span> <span class='ocrx_word' id='word_1_177' title='bbox 1166 1867 1382 1922; x_wconf 68' lang='lat' dir='ltr'>publieam</span> <span class='ocrx_word' id='word_1_178' title='bbox 1413 1880 1503 1920; x_wconf 86' lang='lat' dir='ltr'>spe-</span> 
     </span>
     <span class='ocr_line' id='line_1_28' title="bbox 233 1924 1504 1981; baseline -0.002 -14"><span class='ocrx_word' id='word_1_179' title='bbox 233 1941 341 1980; x_wconf 86' lang='lat' dir='ltr'>rare,</span> <span class='ocrx_word' id='word_1_180' title='bbox 370 1940 497 1981; x_wconf 85' lang='lat' dir='ltr'>posse</span> <span class='ocrx_word' id='word_1_181' title='bbox 530 1927 638 1980; x_wconf 87' lang='lat' dir='ltr'>fieri,</span> <span class='ocrx_word' id='word_1_182' title='bbox 668 1930 716 1968; x_wconf 88' lang='lat' dir='ltr'>ut</span> <span class='ocrx_word' id='word_1_183' title='bbox 746 1929 895 1968; x_wconf 88' lang='lat' dir='ltr'>eontra</span> <span class='ocrx_word' id='word_1_184' title='bbox 918 1926 1186 1968; x_wconf 80' lang='lat' dir='ltr'>voluntatem</span> <span class='ocrx_word' id='word_1_185' title='bbox 1212 1938 1378 1980; x_wconf 88' lang='lat' dir='ltr'>quoque</span> <span class='ocrx_word' id='word_1_186' title='bbox 1404 1924 1504 1978; x_wconf 90' lang='lat' dir='ltr'>eius,</span> 
     </span>
    </p>
   </div>
   <div class='ocr_carea' id='block_1_7' title="bbox 222 2016 1508 2284">
    <p class='ocr_par' dir='ltr' id='par_1_12' title="bbox 222 2016 1508 2284">
     <span class='ocr_line' id='line_1_29' title="bbox 324 2016 1508 2089; baseline -0.003 -38"><span class='ocrx_word' id='word_1_187' title='bbox 324 2020 344 2051; x_wconf 90' lang='lat'><strong>3</strong></span> <span class='ocrx_word' id='word_1_188' title='bbox 370 2017 484 2061; x_wconf 91' lang='lat' dir='ltr'>quin</span> <span class='ocrx_word' id='word_1_189' title='bbox 510 2020 539 2050; x_wconf 99' lang='lat' dir='ltr'>A</span> <span class='ocrx_word' id='word_1_190' title='bbox 569 2018 581 2061; x_wconf 78' lang='grc' dir='ltr'>Η</span> <span class='ocrx_word' id='word_1_191' title='bbox 623 2022 644 2052; x_wconf 88' lang='lat'>4</span> <span class='ocrx_word' id='word_1_192' title='bbox 670 2028 757 2062; x_wconf 86' lang='lat' dir='ltr'>ergo</span> <span class='ocrx_word' id='word_1_193' title='bbox 783 2019 867 2061; x_wconf 86' lang='lat' dir='ltr'>AB,</span> <span class='ocrx_word' id='word_1_194' title='bbox 859 2027 985 2089; x_wconf 46' lang='lat' dir='ltr'>,cotra</span> <span class='ocrx_word' id='word_1_195' title='bbox 1007 2016 1066 2052; x_wconf 80' lang='lat' dir='ltr'>Ro</span> <span class='ocrx_word' id='word_1_196' title='bbox 1099 2016 1111 2059; x_wconf 81' lang='lat' dir='ltr'>ss</span> <span class='ocrx_word' id='word_1_197' title='bbox 1143 2020 1163 2050; x_wconf 87' lang='grc'><strong>6</strong></span> <span class='ocrx_word' id='word_1_198' title='bbox 1188 2016 1338 2051; x_wconf 75' lang='lat' dir='ltr'>miserat</span> <span class='ocrx_word' id='word_1_199' title='bbox 1361 2024 1435 2050; x_wconf 89' lang='lat' dir='ltr'>non</span> <span class='ocrx_word' id='word_1_200' title='bbox 1459 2017 1508 2056; x_wconf 83' lang='lat' dir='ltr'>A;</span> 
     </span>
     <span class='ocr_line' id='line_1_30' title="bbox 226 2071 1503 2156; baseline -0.003 -12"><span class='ocrx_word' id='word_1_201' title='bbox 226 2109 336 2144; x_wconf 82' lang='lat' dir='ltr'>miser</span> <span class='ocrx_word' id='word_1_202' title='bbox 361 2109 501 2156; x_wconf 80' lang='lat' dir='ltr'>(exul)</span> <span class='ocrx_word' id='word_1_203' title='bbox 521 2109 580 2145; x_wconf 80' lang='lat' dir='ltr'>Ro</span> <span class='ocrx_word' id='word_1_204' title='bbox 599 2110 611 2153; x_wconf 73' lang='lat' dir='ltr'>ss</span> <span class='ocrx_word' id='word_1_205' title='bbox 630 2109 787 2154; x_wconf 82' lang='lat' dir='ltr'>psaltem</span> <span class='ocrx_word' id='word_1_206' title='bbox 818 2110 857 2144; x_wconf 91' lang='lat' dir='ltr'>in</span> <span class='ocrx_word' id='word_1_207' title='bbox 882 2071 985 2154; x_wconf 50' lang='lat' dir='ltr'>{emm</span> <span class='ocrx_word' id='word_1_208' title='bbox 977 2112 1007 2142; x_wconf 92' lang='lat' dir='ltr'>A</span> <span class='ocrx_word' id='word_1_209' title='bbox 1026 2110 1038 2154; x_wconf 88' lang='grc' dir='ltr'>ΙΙ</span> <span class='ocrx_word' id='word_1_210' title='bbox 1059 2112 1100 2143; x_wconf 82' lang='grc'>12</span> <span class='ocrx_word' id='word_1_211' title='bbox 1126 2108 1220 2143; x_wconf 81' lang='lat' dir='ltr'>forte</span> <span class='ocrx_word' id='word_1_212' title='bbox 1239 2110 1270 2141; x_wconf 85' lang='lat' dir='ltr'>A</span> <span class='ocrx_word' id='word_1_213' title='bbox 1285 2108 1299 2152; x_wconf 81' lang='grc' dir='ltr'>[Ι</span> <span class='ocrx_word' id='word_1_214' title='bbox 1317 2106 1425 2142; x_wconf 68' lang='lat' dir='ltr'>acuta</span> <span class='ocrx_word' id='word_1_215' title='bbox 1447 2107 1503 2141; x_wconf 85' lang='lat' dir='ltr'>vel</span> 
     </span>
     <span class='ocr_line' id='line_1_31' title="bbox 227 2146 1504 2201; baseline -0.004 -10"><span class='ocrx_word' id='word_1_216' title='bbox 227 2157 358 2191; x_wconf 84' lang='lat' dir='ltr'>aecata</span> <span class='ocrx_word' id='word_1_217' title='bbox 376 2159 438 2199; x_wconf 80' lang='lat' dir='ltr'>Aa,</span> <span class='ocrx_word' id='word_1_218' title='bbox 464 2158 596 2191; x_wconf 83' lang='lat' dir='ltr'>cecata</span> <span class='ocrx_word' id='word_1_219' title='bbox 613 2158 709 2190; x_wconf 86' lang='lat' dir='ltr'>AbB</span> <span class='ocrx_word' id='word_1_220' title='bbox 729 2157 740 2201; x_wconf 67' lang='grc' dir='ltr'>Η</span> <span class='ocrx_word' id='word_1_221' title='bbox 762 2160 805 2190; x_wconf 83' lang='lat'>14</span> <span class='ocrx_word' id='word_1_222' title='bbox 824 2146 928 2190; x_wconf 71' lang='lat' dir='ltr'>duxit</span> <span class='ocrx_word' id='word_1_223' title='bbox 946 2168 993 2191; x_wconf 89' lang='lat' dir='ltr'>m.</span> <span class='ocrx_word' id='word_1_224' title='bbox 1014 2158 1067 2188; x_wconf 73' lang='lat' dir='ltr'>Aa</span> <span class='ocrx_word' id='word_1_225' title='bbox 1085 2156 1097 2199; x_wconf 86' lang='grc' dir='ltr'>ΙΙ</span> <span class='ocrx_word' id='word_1_226' title='bbox 1118 2159 1160 2190; x_wconf 84' lang='grc'>16</span> <span class='ocrx_word' id='word_1_227' title='bbox 1183 2154 1401 2189; x_wconf 76' lang='lat' dir='ltr'>ducentatur</span> <span class='ocrx_word' id='word_1_228' title='bbox 1418 2155 1472 2186; x_wconf 66' lang='lat' dir='ltr'>Aa</span> <span class='ocrx_word' id='word_1_229' title='bbox 1490 2152 1504 2198; x_wconf 82' lang='grc' dir='ltr'>Η</span> 
     </span>
     <span class='ocr_line' id='line_1_32' title="bbox 222 2197 1503 2284; baseline -0.003 -47"><span class='ocrx_word' id='word_1_230' title='bbox 222 2202 449 2284; x_wconf 47' lang='lat' dir='ltr'>t2e2malgcrlnialit</span> <span class='ocrx_word' id='word_1_231' title='bbox 472 2205 498 2235; x_wconf 77' lang='lat' dir='ltr'>B</span> <span class='ocrx_word' id='word_1_232' title='bbox 523 2202 535 2246; x_wconf 81' lang='grc' dir='ltr'>ΙΙ</span> <span class='ocrx_word' id='word_1_233' title='bbox 562 2202 659 2237; x_wconf 75' lang='lat' dir='ltr'>foitu</span> <span class='ocrx_word' id='word_1_234' title='bbox 669 2213 738 2236; x_wconf 81' lang='lat' dir='ltr'>nae</span> <span class='ocrx_word' id='word_1_235' title='bbox 763 2205 789 2236; x_wconf 81' lang='grc' dir='ltr'><strong><em>Β</em></strong></span> <span class='ocrx_word' id='word_1_236' title='bbox 815 2204 889 2247; x_wconf 76' lang='grc'>1125</span> <span class='ocrx_word' id='word_1_237' title='bbox 914 2201 1068 2247; x_wconf 69' lang='lat' dir='ltr'>*erussit</span> <span class='ocrx_word' id='word_1_238' title='bbox 1092 2204 1139 2245; x_wconf 87' lang='lat' dir='ltr'>A,</span> <span class='ocrx_word' id='word_1_239' title='bbox 1166 2200 1262 2236; x_wconf 84' lang='lat' dir='ltr'>eruit</span> <span class='ocrx_word' id='word_1_240' title='bbox 1283 2199 1404 2244; x_wconf 70' lang='lat' dir='ltr'>3112ss</span> <span class='ocrx_word' id='word_1_241' title='bbox 1430 2197 1503 2234; x_wconf 85' lang='lat' dir='ltr'>for-</span> 
     </span>
    </p>
   </div>
  </div>
 </body>
</html>
