1604 2488
178 797 221 829 10

174 1086 217 1117 15

171 1375 216 1406 20

172 1665 215 1696 25

252 102 338 145 210
715 102 1019 145 QUINTILIANI

657 242 1098 286 DECLAMATIO.

337 324 396 365 Et
433 324 478 365 in
514 339 630 367 more
669 324 858 366 civitatis
896 323 996 377 (et)
1034 324 1080 365 in
1115 325 1281 380 legibus
1317 327 1506 379 positum

250 385 332 436 est,
369 385 418 423 ut
455 383 649 436 quotiens
688 383 780 423 fieri
810 383 1015 436 potuerit,
1053 382 1344 425 defunctorum
1374 386 1504 425 testa-

249 442 393 482 mento
434 442 587 495 stetur,
630 440 755 494 idque
786 455 872 482 non
903 439 1105 482 mediocri
1135 441 1311 483 ratione.
1370 456 1533 496 neque«

250 498 362 539 enim
395 498 509 539 aliud
540 498 708 540 videtur
739 498 939 539 solatium
965 498 1128 552 mortis,
1158 513 1284 553 quam
1306 499 1504 541 voluntas

248 556 363 597 ultra
401 558 600 597 mortem:
645 556 806 611 alioqui
846 557 990 610 potest
1029 569 1157 610 grave
1197 556 1329 598 videri
1373 557 1504 598 etiam

247 614 385 667 ipsum
406 614 723 668 patrimonium,
744 615 781 655 si
798 628 883 655 non
901 614 1114 667 integram
1133 614 1270 668 legem
1289 615 1505 668 habe<a>t

247 675 310 725 et,
342 686 436 713 cum
469 686 592 713 omne
623 673 689 713 ius
720 672 844 713 nobis
875 672 921 712 in
951 672 994 712 id
1026 671 1298 725 p’ermittatur
1326 673 1504 714 viventi-

248 729 340 782 bus,
372 730 588 771 auferatur
619 730 914 771 morientibus.
955 730 1196 782 proximum
1227 730 1366 771 locum
1396 744 1421 771 a
1444 732 1504 771 te-

248 788 471 829 stamentis
508 787 671 829 habent
707 787 954 842 propinqui3
993 788 1061 828 sed
1090 787 1168 841 ita,
1208 787 1244 828 si
1275 787 1504 829 intestatus

248 846 341 899 quis
368 860 415 886 ac
443 846 533 887 sine
558 845 706 886 liberis
732 845 970 887 decesserit.
1019 859 1107 887 non
1133 845 1334 899 quoniam
1357 845 1504 899 utique

244 902 405 944 iustum
450 904 524 957 sit,
568 903 620 945 ad
660 903 739 945 hos
779 903 999 958 pervenire
1040 904 1156 944 bona
1195 903 1518 957 defunctorum„

245 960 318 1001 sed
351 961 551 1015 quoniam
582 961 732 1002 relicta
763 965 807 1002 et
836 961 955 1002 velut
984 960 1028 1000 in
1059 960 1198 1002 medio
1229 961 1370 1014 posita
1394 960 1503 1001 nulli

242 1019 419 1072 propius
450 1018 647 1060 videntur
678 1019 937 1073 contingere.
993 1018 1100 1058 nihil
1133 1020 1199 1059 est
1231 1031 1350 1072 ergo,
1394 1018 1504 1071 quod

243 1090 322 1117 nos
362 1090 537 1118 onerare
576 1079 789 1130 temptent
826 1077 995 1117 nomine
1035 1076 1118 1116 isto
1159 1076 1503 1130 propinquitatis,

242 1133 473 1175 iactatione
513 1135 732 1187 sanguinis
766 1136 807 1174 et
836 1136 1014 1174 naturae
1045 1133 1242 1174 homines
1272 1133 1384 1174 binis
1417 1133 1503 1174 iam

241 1191 400 1232 tabulis
432 1191 688 1233 exheredati,
736 1191 795 1232 Et
825 1205 924 1232 sane
956 1191 1152 1244 quotiens
1180 1191 1372 1244 quaestio
1399 1190 1502 1232 iuris

243 1251 308 1290 est
343 1249 447 1291 certi
486 1252 528 1290 et
566 1264 591 1290 a
626 1249 858 1290 maioribus
896 1248 1138 1302 constituti,
1182 1248 1290 1289 nihil
1331 1262 1503 1290 necesse

242 1309 308 1348 est
337 1307 509 1348 laudare
540 1307 673 1361 leges,
706 1307 857 1361 quibus
888 1306 1050 1347 utimur
1081 1308 1124 1348 et
1156 1306 1209 1347 ad
1242 1320 1346 1361 quas
1377 1306 1499 1348 vobis

241 1365 512 1406 iudicandum
543 1369 618 1406 est.

331 1422 533 1472 Quaestio
571 1423 703 1477 igitur
739 1422 872 1472 totius
912 1437 1062 1464 causae
1099 1423 1270 1463 nostrae
1311 1419 1378 1475 (ut
1414 1420 1502 1474 opi-

241 1478 338 1535 nor)
372 1481 415 1522 in
449 1496 497 1523 eo
530 1481 737 1534 consistit,
768 1495 823 1522 an
848 1480 1007 1522 amicus
1033 1494 1152 1521 meus
1179 1480 1408 1521 intestatus
1435 1479 1502 1519 de-

243 1539 429 1580 cesserit.
478 1539 523 1585 in
554 1553 638 1593 qua
668 1540 789 1592 parte
821 1538 1019 1592 delector,
1050 1537 1160 1579 nihil
1190 1540 1281 1578 tam
1314 1537 1504 1590 obscure,

242 1596 352 1637 nihil
388 1599 480 1638 tam
518 1597 628 1638 clam
660 1611 751 1637 esse
782 1596 959 1648 factum,
1002 1598 1050 1637 ut
1079 1595 1204 1636 nobis
1236 1594 1502 1649 probandum

244 1655 313 1695 sit.
360 1654 584 1710 Interrogo
616 1668 690 1695 vos
722 1654 866 1708 igitur,
895 1653 1142 1707 propinqui,
1174 1667 1229 1694 an
1260 1652 1346 1706 hic,
1378 1666 1502 1706 quem

240 1713 492 1754 intestatum
538 1712 768 1753 decessisse
813 1711 971 1765 dicitis,
1016 1710 1233 1764 scripserit
1273 1709 1501 1763 aliquando

240 1770 575 1811 testamentum?
614 1770 833 1824 interrogo
864 1783 951 1823 vos,
983 1783 1038 1810 an
1068 1769 1149 1809 hae
1180 1767 1363 1820 tabulae,
1394 1781 1502 1821 quae

241 1842 291 1869 ex
323 1830 444 1883 parte
476 1830 624 1869 nostra
654 1827 939 1882 proferuntur,
968 1826 1118 1867 testati
1149 1825 1263 1867 sint?
1295 1825 1501 1879 †intelle—

240 1886 342 1940 gitis
382 1901 407 1927 a
444 1900 511 1927 me
549 1886 720 1940 signum
759 1900 813 1926 an
850 1884 964 1926 omni
1004 1884 1094 1925 iure
1132 1882 1397 1937 conscriptae
1434 1882 1501 1923 vel

333 2016 352 2046 2
378 2010 470 2059 <et>
494 2012 570 2046 Aer
588 2012 599 2056 ΙΙ
619 2015 638 2046 5
665 2011 766 2046 aliud
790 2013 896 2046 om.B
916 2011 927 2055 ΙΙ
947 2015 966 2046 6
992 2008 1104 2045 alicui
1129 2010 1254 2054 potest
1276 2007 1425 2053 gravius
1449 2007 1500 2051 ΒΗ

241 2062 260 2093 7
286 2057 479 2105 habe<a>t
503 2058 560 2093 Ro
578 2059 591 2102 ΙΙ
609 2062 629 2093 8
657 2058 710 2104 et]
738 2059 780 2092 ut
803 2058 878 2092 Aer
896 2057 907 2102 ΙΙ
930 2061 971 2092 10
997 2068 1074 2091 sum
1101 2056 1258 2091 testatus
1283 2055 1341 2098 131}
1361 2057 1402 2089 17
1428 2064 1499 2087 ex-

236 2104 451 2139 heredati
483 2108 512 2138 A
536 2105 547 2149 ΙΙ
576 2104 818 2139 exhereditati
842 2106 895 2137 Aa
919 2105 930 2148 ΙΙ
956 2108 1000 2138 20
1026 2101 1287 2138 vindicandum
1311 2103 1369 2140 Bu
1393 2103 1436 2134 26
1462 2099 1501 2133 111

236 2151 500 2186 testamentum
524 2154 577 2184 Aa
601 2152 612 2195 ΙΙ
636 2154 679 2185 27
705 2151 774 2185 hae
800 2161 864 2184 om.
890 2153 916 2183 B
941 2151 952 2195 ΙΙ
977 2154 1022 2184 28
1047 2150 1113 2184 n‘ffi
1137 2151 1177 2192 A,
1202 2157 1284 2182 mea
1307 2149 1334 2180 B
1353 2146 1365 2190 ll
1383 2146 1494 2180 testa-

238 2199 402 2232 mentum
435 2198 507 2231 sint
531 2197 605 2239 Ro,
636 2198 697 2239 css.
725 2200 816 2240 211,
835 2199 900 2239 14,·
924 2199 1015 2238 212,
1036 2199 1080 2230 19
1099 2206 1170 2240 sqq.
1202 2195 1214 2240 ΙΙ
1244 2193 1328 2228 sunt
1351 2195 1381 2226 Δ
1411 2193 1422 2237 11
1453 2195 1498 2226 29

238 2243 482 2279 conscribitur
512 2246 538 2276 B
575 2244 586 2287 Η
624 2247 826 2286 28-211,
857 2247 873 2277 1
909 2241 1125 2287 intellegitis
1159 2244 1281 2275 autem
1312 2239 1498 2283 signatum
