1604 2488
189 762 233 796 10

188 1053 230 1084 15

184 1342 230 1374 20

184 1630 231 1663 25

186 1921 232 1954 30

263 126 351 168 294
744 126 1042 169 QUINTILIANI

262 235 328 275 est
364 233 553 287 hercule,
595 233 771 286 iudices,
816 233 876 275 sic
912 235 993 276 est:
1039 234 1075 275 si
1108 234 1220 276 hunc
1251 235 1398 278 civitas
1429 249 1517 277 non

260 290 495 345 habuisset,
527 291 777 333 serviremus
811 291 939 333 etiam
963 305 1075 334 nunc
1101 293 1143 333 et
1167 292 1419 347 gravissima
1443 293 1520 335 illa

260 350 468 402 tempora,
499 363 606 403 quae
637 349 709 391 diu
739 349 859 403 passi
890 363 1049 404 sumus,
1080 351 1393 392 sustineremus.

349 406 540 460 Expecto
584 421 650 448 me
681 407 863 461 hercule,
912 409 960 448 ut
992 407 1218 450 cuiuslibet
1246 408 1518 463 inpudentiae

259 467 525 507 excusatores
575 465 634 507 sic
686 479 851 520 quoque
904 480 1009 519 opus
1062 466 1150 507 eius
1195 480 1349 522 augere
1394 469 1521 521 atque

261 536 517 578 exaggerare
548 525 767 565 conentur:
823 523 1007 565 »occidit
1036 526 1264 578 tyrannum
1293 538 1380 566 non
1409 524 1522 567 hunc

257 581 477 634 vulgarem
520 583 563 622 et
603 595 736 635 usque
780 581 831 623 ad
874 595 1030 623 nomen
1071 583 1237 623 tantum
1280 584 1520 625 nocentem:

256 638 354 693 plus
386 639 547 693 aliquid
578 654 706 693 quam
731 639 880 681 ceteris
907 639 1228 681 constituamus.
1276 639 1428 682 occidit
1451 642 1520 694 ty-

257 710 439 738 rannum
471 696 821 748 crudelissimum,
853 698 1158 752 saevissimum,
1184 700 1517 753 expugnatorem

257 768 346 796 non
380 754 609 808 pudicitiae
646 754 770 796 modo
809 758 850 796 et
885 755 1243 809 patrimoniorum
1273 757 1520 798 nostrorum

258 814 301 853 et
337 813 576 866 principum
613 812 738 854 huius
775 813 979 868 civitatis,
1022 813 1096 855 sed
1132 814 1390 867 templorum
1433 827 1520 855 om-

256 871 378 911 nium
427 873 469 912 et
516 871 884 926 caerimoniarum3
945 885 1022 913 nec
1069 871 1316 913 hominibus
1365 871 1516 926 magis,

257 942 386 982 quam
421 928 502 970 diis
539 929 837 970 inmortalibus
875 929 1100 972 invisum«
1158 943 1259 971 vera
1297 931 1394 971 sunt
1425 928 1516 983 qui-

257 985 352 1027 dem
382 986 479 1040 ista,
508 986 684 1028 iudices:
717 987 789 1028 sed
815 987 851 1028 si
876 987 1054 1028 velimus
1081 1002 1203 1029 suum
1227 987 1401 1028 titulum
1425 985 1516 1028 red-

256 1043 353 1085 dere
384 1044 687 1086 liberatoribus
719 1046 890 1086 nostrae
922 1044 1124 1087 civitatis:
1161 1045 1284 1086 illum
1315 1044 1374 1086 dii
1405 1044 1513 1086 occi-

256 1101 420 1143 derunt.
479 1116 568 1143 non
605 1102 717 1143 enim
755 1102 943 1144 contenti
974 1102 1170 1144 advocati
1200 1102 1334 1155 partis
1371 1101 1516 1143 adver-

256 1174 328 1201 sae
358 1159 439 1201 hac
470 1160 579 1213 legis
610 1160 841 1213 calumnia,
881 1160 1011 1201 etiam
1041 1161 1148 1201 bene
1179 1159 1384 1201 meruisse
1416 1174 1513 1201 eum

255 1217 306 1259 de
337 1231 382 1259 re
412 1217 583 1272 publica
612 1219 761 1259 nostra
792 1217 953 1271 dicunt,
989 1218 1100 1271 quod
1131 1217 1276 1259 audito
1306 1217 1510 1271 responso

258 1276 351 1330 ipse
388 1290 432 1317 se
465 1275 685 1329 percussit.

341 1333 437 1388 Ego
468 1348 595 1388 porro
628 1333 795 1375 etiamsi
827 1333 1050 1375 confiterer
1074 1333 1306 1387 plurimum
1331 1346 1428 1374 eum
1454 1332 1517 1374 rei

254 1392 450 1446 publicae
487 1393 624 1434 morte
663 1406 739 1433 sua
775 1391 1058 1445 praestitisse,
1101 1405 1186 1433 non
1222 1393 1367 1432 tamen
1403 1390 1514 1432 inter

255 1450 461 1491 beneficia
497 1450 693 1491 ducerem
728 1449 909 1491 iniuriae
946 1450 1091 1490 finem:
1139 1463 1252 1490 nunc
1281 1462 1382 1490 vero
1422 1448 1515 1503 quis

254 1508 445 1563 ignorat,
478 1522 606 1562 quam
636 1507 797 1549 multae
829 1521 925 1549 eum
955 1507 1230 1549 necessitates
1263 1506 1316 1548 ad
1347 1506 1516 1561 exigen-

255 1565 331 1607 das
369 1581 394 1607 a
431 1580 475 1607 se
512 1566 605 1619 ipso
643 1579 802 1619 poenas
840 1565 1099 1619 inpulerint?
1155 1563 1199 1606 Si
1236 1566 1407 1606 tantum
1436 1564 1518 1606 hoc

257 1623 458 1665 dicerem:
509 1637 605 1664 cum
646 1624 760 1664 salus
801 1626 914 1664 esset
952 1622 1175 1678 proposita
1213 1622 1378 1664 civitati
1417 1621 1518 1663 haec

257 1681 440 1733 silentio,
471 1684 519 1722 ut
549 1683 758 1735 tyrannus
790 1681 1061 1734 occideretur,
1092 1681 1186 1734 quis
1211 1694 1299 1721 non
1322 1681 1520 1721 nostrum

254 1739 303 1780 in
340 1753 480 1780 arcem
515 1738 686 1780 rueret?
737 1738 830 1792 quis
867 1752 955 1779 non
993 1738 1192 1779 subderet
1229 1737 1372 1778 faces?
1421 1737 1516 1791 quis

255 1811 344 1839 11011
380 1810 647 1839 concremare
683 1798 847 1850 pestem
885 1796 1003 1837 illam
1041 1796 1102 1836 rei
1133 1795 1331 1849 publicae
1361 1793 1520 1836 vellet?

256 1854 363 1897 vidit
394 1855 558 1896 animos
582 1856 768 1908 nostros,
801 1853 906 1896 vidit
930 1854 1150 1907 impetum.
1179 1867 1267 1894 non
1292 1853 1404 1894 enim
1428 1852 1518 1894 vul-

258 1913 382 1969 garia
408 1915 675 1954 sacramenta
700 1912 922 1966 ducebant,
945 1926 1023 1953 nec
1049 1911 1158 1953 sicut
1183 1911 1384 1953 adversus
1410 1910 1519 1952 alios

359 2042 376 2073 1
403 2039 501 2073 hunc
525 2048 590 2073 om.
617 2040 669 2071 Aa
688 2039 699 2083 n
719 2042 738 2073 5
771 2039 1000 2073 accusatores
1018 2040 1095 2082 AB,
1120 2046 1209 2072 corr.
1235 2036 1309 2071 Aer
1326 2037 1338 2081 ΙΙ
1357 2040 1377 2071 6
1404 2034 1522 2070 occidi

261 2088 288 2119 B
317 2086 328 2130 ΙΙ
359 2088 402 2119 10
427 2086 464 2119 et
488 2095 553 2120 om.
580 2087 610 2117 A
633 2085 646 2128 ΙΙ
671 2088 713 2118 12
740 2084 1081 2119 caeterimoniarum
1106 2086 1135 2116 A
1159 2083 1170 2126 ΙΙ
1202 2086 1244 2117 13
1269 2082 1407 2118 invisus
1434 2085 1487 2116 Aa
1509 2081 1523 2127 Η

263 2135 307 2165 14
337 2130 544 2166 titulum
574 2133 604 2164 A
628 2131 640 2174 ΙΙ
666 2135 709 2165 16
735 2130 922 2211 civitatis}
939 2130 1079 2165 cunctis
1103 2131 1132 2163 A
1155 2130 1167 2173 ΙΙ
1191 2132 1235 2163 22
1261 2139 1304 2163 ac
1328 2130 1380 2162 Ab
1390 2131 1429 2182 β,
1454 2138 1519 2181 om.

261 2179 314 2211 Aa
331 2178 343 2222 [Ι
362 2181 407 2212 20
433 2189 515 2212 cum
540 2180 566 2210 Β
585 2178 598 2222 ΙΙ
616 2177 681 2223 1·ζρ
707 2180 736 2210 A
761 2178 771 2221 ΙΙ
796 2181 841 2212 25
867 2188 906 2212 so
924 2188 965 2211 us
990 2179 1042 2210 Aa
1072 2177 1084 2221 ΙΙ
1114 2178 1251 2210 25—26
1276 2175 1347 2210 hoc
1373 2174 1520 2210 silentio

261 2226 339 2267 AB,
364 2234 455 2259 corr.
481 2223 539 2259 Ro
564 2225 623 2267 (cf.
651 2227 737 2266 295,
756 2226 802 2259 17
815 2225 890 2268 sq),
916 2223 986 2259 hoc
1012 2222 1151 2258 scilicet
1173 2221 1293 2267 pretio
1319 2220 1392 2256 Obr
1427 2222 1439 2266 ΙΙ
1475 2223 1519 2256 27

260 2271 379 2306 artem
403 2272 434 2304 A
459 2270 471 2314 11
498 2273 543 2306 28
569 2270 634 2315 κεῖ)
661 2273 690 2303 A
717 2271 729 2315 [1
758 2273 801 2305 30
826 2270 894 2306 hec
918 2272 944 2302 B
