1604 2488
184 758 227 789 10

181 1048 223 1079 15

180 1337 224 1369 20

180 1627 223 1658 25

178 1917 221 1948 30

253 120 306 161 21
313 120 337 162 8
731 119 1031 162 QUmTILIANI

253 227 381 267 etiam
413 226 551 267 facere
595 229 744 268 eontra
774 227 931 281 legem,
974 228 1017 268 et
1053 229 1182 280 esset,
1227 227 1299 281 qui
1337 227 1504 282 diceret,

253 286 380 325 »ante
406 284 694 338 deliberasses,
720 287 816 326 ante
843 285 1113 340 dispexisses3
1142 285 1296 327 emissa
1321 299 1403 327 vox
1429 289 1505 340 est,

252 344 513 395 potestatem
544 345 663 384 tuam
694 343 788 396 ipsa
820 343 994 385 finisti«.
1047 356 1160 385 nunc
1188 357 1288 384 vero
1312 357 1408 385 cum
1433 357 1504 398 op-

252 399 410 440 taveris
441 400 631 454 nuptias,
671 403 854 442 mortem
886 403 1033 455 optare
1063 401 1139 442 vis.
1201 415 1307 456 quae
1337 401 1421 443 ista
1452 401 1505 443 ad

254 457 545 499 crudelitatem
590 459 853 514 paenitentia
899 459 992 500 est‘?
1056 458 1273 500 Intellexit
1315 461 1357 501 et
1398 459 1504 514 ipsa,

253 529 381 569 quam
407 530 591 571 saevum,
622 531 749 571 quam
775 517 943 559 crudele
969 517 1039 558 sit.
1096 517 1192 570 plus
1218 517 1330 559 enim
1354 519 1503 572 postea

255 574 357 614 mali
376 573 486 615 feci?
510 575 726 630 ignovisti,
753 576 864 629 quod
883 589 1123 629 rapueram3
1149 575 1365 629 ignovisti,
1390 575 1501 629 quod

252 631 514 673 abstuleram
558 633 869 688 virginitatem:
911 633 1014 675 haec
1050 633 1212 687 nuptiis
1249 633 1504 675 aestimasti:

251 693 389 731 morte
420 690 620 731 aestimas
652 691 975 732 verecundiam?
1019 704 1154 745 neque
1185 703 1282 745 ego,
1312 705 1406 733 cum
1437 706 1504 733 me

252 748 443 801 rapuisse
479 762 698 803 negarem,
735 750 907 803 nuptias
943 751 1039 790 tuas
1083 749 1349 791 recusabam:
1392 750 1504 791 vole—

251 806 350 846 bam
393 805 543 847 ducere
585 821 671 848 non
713 809 933 861 tamquam
975 810 1140 860 raptor,
1182 821 1278 849 cum
1320 821 1387 848 me
1423 807 1504 850 hoe

250 863 376 905 modo
407 867 603 918 putarem
634 864 724 906 fore
756 865 980 919 cariorem,
1012 866 1049 906 si
1078 865 1159 906 tibi
1189 865 1388 906 iniuriam
1417 879 1506 906 non

249 921 464 975 fecissem3
500 922 570 963 vel
605 922 753 964 fallere
794 923 981 964 animum
1018 926 1137 964 tuum
1167 923 1299 976 volui,
1335 937 1389 964 ne
1418 922 1503 964 ira-

250 993 437 1021 scerens.

325 1034 420 1079 vSed
463 1039 505 1079 et
541 1039 623 1092 ipsi
661 1038 819 1080 iudices
855 1039 937 1080 hoc
981 1038 1378 1092 pronuntiaverunt,
1421 1037 1502 1080 hoc

250 1098 558 1149 spectaverunt.
626 1097 914 1151 quaestionem
953 1097 1064 1138 enim
1101 1096 1231 1138 fuisse
1267 1098 1411 1150 putas,
1448 1110 1503 1138 an

250 1167 328 1207 ego
360 1154 626 1208 rapuissem?
658 1169 753 1196 cum
784 1168 862 1209 ego
888 1154 1081 1196 dicerem:
1112 1168 1227 1195 »non
1250 1154 1385 1208 rapui,
1415 1168 1502 1196 non

249 1211 294 1252 hi
326 1226 464 1253 mores
497 1214 596 1253 sunt
626 1213 721 1266 mei,
751 1213 929 1253 honeste
956 1224 1120 1266 semper
1143 1211 1248 1266 vixi,
1278 1211 1503 1266 frugaliter

250 1269 349 1311 vixi.
380 1284 486 1324 quae
505 1270 704 1323 probatio
730 1270 856 1311 huius
882 1270 1070 1311 criminis
1091 1270 1184 1323 mei,
1209 1269 1302 1324 quis
1327 1269 1504 1311 testis?‹<

250 1327 499 1369 dicebantur
528 1328 607 1369 illa
638 1331 804 1370 contra:
836 1328 1130 1382 »periclitaris,
1161 1329 1204 1368 et
1228 1327 1337 1369 male
1362 1330 1501 1369 tecum

248 1386 421 1439 agitur?
453 1402 526 1428 —:
551 1387 727 1441 nuptiae
760 1389 871 1439 sunt,
902 1386 952 1427 de
984 1386 1136 1440 quibus
1167 1385 1350 1440 litigas«
1394 1385 1502 1427 fece-

246 1447 349 1485 runt
371 1443 543 1498 iudices,
573 1444 684 1498 quod
709 1447 907 1498 parentes
932 1444 1072 1486 nostri
1095 1443 1313 1485 fecissent:
1344 1443 1387 1484 id
1404 1457 1499 1498 pro-

246 1502 563 1556 nuntiaverunt,
594 1503 638 1543 in
669 1517 752 1556 quo
784 1503 920 1544 victus
953 1502 1114 1556 gratias
1146 1503 1303 1556 ageret.

329 1559 411 1601 Sed
461 1574 534 1614 spe
580 1560 798 1614 suspendit
847 1563 890 1601 et
937 1561 1030 1602 vult
1071 1559 1204 1601 videri
1245 1573 1357 1601 nunc
1400 1572 1500 1613 quo·

250 1631 329 1671 que
361 1617 545 1669 factura,
576 1618 686 1671 quod
716 1618 829 1659 fecit.
890 1618 926 1658 si
956 1617 1206 1659 beneficium
1236 1617 1350 1658 vitae
1385 1629 1503 1671 repe-

248 1677 338 1716 tere
370 1675 452 1716 vis:
491 1675 653 1716 dedisti.
715 1690 802 1716 non
831 1689 1006 1729 possum
1038 1675 1135 1728 plus
1167 1674 1333 1727 debere,
1371 1675 1408 1716 si
1438 1688 1500 1715 re-

246 1733 369 1786 petis.
431 1747 558 1786 quam
594 1735 734 1774 autem
766 1747 936 1774 causam
966 1733 1098 1774 habes
1129 1731 1396 1773 renovandae
1427 1745 1500 1785 op-

245 1791 394 1845 tionis,
431 1791 467 1831 si
505 1793 706 1845 optatura
742 1791 915 1844 nuptias
947 1790 1020 1831 es?
1075 1790 1111 1832 si
1142 1789 1348 1831 vindicari
1379 1789 1442 1831 vis
1475 1803 1501 1830 a

245 1863 312 1890 me
343 1851 477 1900 metu,
513 1849 655 1902 timui3
696 1849 732 1890 si
763 1849 908 1903 rogari
938 1849 1019 1890 vis:
1056 1861 1179 1902 rogo,
1218 1849 1260 1889 et
1289 1860 1394 1902 rogo
1425 1861 1501 1901 per

248 1907 367 1948 illam
399 1907 668 1948 elementiam
699 1910 831 1960 tuam,
870 1920 976 1961 rogo
1007 1906 1092 1948 iam
1125 1910 1342 1959 tamquam
1372 1905 1499 1946 mari·

245 1968 332 2017 tus3
370 1967 412 2005 et
442 1964 663 2020 intellego,
699 1966 795 2006 tota
826 1964 931 2006 mihi
961 1964 1049 2006 vita
1079 1964 1160 2005 hoc
1191 1963 1420 2018 agendum,
1450 1966 1498 2004 ut

246 2022 519 2064 satisfaciam.

339 2129 356 2158 1
384 2124 481 2158 enim
506 2128 549 2167 B,
576 2136 626 2159 an
643 2125 663 2146 *
682 2126 806 2160 tamen
833 2124 878 2169 (ἓ)
909 2126 921 2169 ΙΙ
950 2128 971 2159 2
996 2123 1189 2159 liberasses
1213 2126 1240 2156 Β
1258 2124 1271 2167 ss
1289 2121 1498 2167 despexisse

243 2173 272 2204 A
290 2171 302 2215 ΙΙ
322 2175 342 2205 6
368 2181 511 2205 servum
536 2174 562 2204 B
581 2172 593 2216 ΙΙ
623 2174 642 2206 7
666 2181 859 2215 rapueram
883 2171 907 2205 i.
933 2170 1031 2215 quod
1055 2181 1120 2205 om.
1145 2171 1242 2214 3118
1266 2169 1413 2213 nuptias
1438 2171 1464 2202 B
1489 2170 1500 2213 Ιξ

244 2221 264 2251 9
289 2228 347 2252 me
373 2227 437 2252 om.
459 2220 486 2250 B
504 2219 517 2262 ΙΙ
538 2222 579 2253 13
605 2217 774 2252 irasceris
797 2220 827 2251 A
845 2218 856 2262 ΙΙ
878 2220 919 2252 18
946 2216 1001 2251 hii
1024 2219 1054 2251 A
1071 2218 1082 2261 ΙΙ
1102 2220 1144 2251 21
1171 2214 1329 2260 litigatis
1354 2218 1407 2248 Aa.
1424 2216 1436 2260 Η
1455 2219 1497 2249 27

243 2263 425 2308 opinionis
449 2266 476 2296 B
494 2264 506 2308 ΙΙ
525 2268 569 2299 30
593 2263 832 2309 plementiam
857 2266 887 2297 A
