1578 2470
451 76 879 115 DECLAMATIONES.
907 76 1106 113 CCCXLV.
1340 77 1427 119 363

137 203 235 232 cum
266 187 538 244 ego-dicam,
571 202 713 230 arcem
752 186 998 242 conscendi,
1031 186 1244 229 satellites
1278 187 1427 238 stravi,

136 247 349 292 nefarium
394 262 550 302 corpus
594 246 791 302 repetitis
809 245 993 289 ⁴'ictibus
1036 245 1259 289 trucidavi.
1322 261 1426 301 „pe-

137 307 306 351 cuniam
345 307 459 362 dedi,
503 307 555 349 de
593 306 884 362 tyrannicidio
922 306 1094 348 locutus
1133 304 1266 348 sum.“
1334 320 1426 347 rem

133 366 298 410 feceras
336 365 772 423 periculosissimam,
810 365 896 408 nisi
933 365 978 408 in
1015 364 1330 420 tyrannicidam
1363 365 1426 407 in-

135 426 322 470 cidisses.
397 426 506 469 satis
552 426 610 468 sit
653 425 794 480 vobis,
843 439 867 467 o
912 424 1087 480 divites,
1130 424 1213 467 1100
1257 427 1426 467 vestras

132 489 355 542 praestare
391 485 610 541 fortunas,
651 485 765 540 quod
802 499 878 540 per
916 484 1237 540 dispensatores
1281 484 1423 527 faene-

133 546 259 600 ratis,
305 545 420 600 quod
462 544 673 587 familiam
716 559 794 599 per
837 546 1139 599 procuratores
1178 543 1426 598 continetis,

135 605 251 660 quod
289 605 494 660 pleraque
531 604 766 660 possidetis
809 604 1031 658 absentes,
1074 603 1189 658 quod
1220 603 1425 659 ignoran-

133 664 252 706 tibus
297 664 421 706 vobis
467 666 511 706 et
555 663 894 719 quiescentibus,
945 663 982 705 si
1028 663 1123 718 quis
1170 666 1235 705 est
1275 666 1425 706 tantae

132 723 394 776 felicitati[s]
427 723 570 777 labor,
601 737 678 778 per
710 723 874 765 alienas
906 736 1060 764 manus
1092 722 1264 765 transit.
1319 735 1424 765 00-11

133 783 281 838 tingat
327 782 447 826 istud
494 782 658 825 deliciis
706 782 885 836 vestris,
936 781 1163 837 contingat
1205 782 1423 825 abundan-

133 842 330 884 tissimae
367 833 622 897 plerumque
662 842 874 884 luxuriae:
915 856 1004 883 non
1036 841 1196 883 dabitis
1228 842 1423 896 tyranni-

133 900 257 944 cidiis
296 902 583 957 cognitorem,
621 915 701 943 nec
733 901 787 942 ad
819 915 896 943 vos
929 900 1084 943 alienis
1115 901 1320 955 periculis
1353 916 1423 944 ve-

133 960 226 1003 niet
254 960 372 1003 fama.
397 960 584 1003 virtutis.
628 959 759 1002 velim
785 974 934 1002 narres
960 959 1188 1014 iudicibus,
1221 960 1424 1003 audiente

131 1019 313 1074 populo,
350 1034 478 1075 quem
520 1033 764 1062 sermonem
797 1034 893 1062 cum
925 1019 1008 1062 hoc
1040 1019 1316 1062 adulescente
1347 1019 1423 1062 ha-

131 1078 289 1133 bueris,
316 1093 400 1134 qua
427 1078 729 1122 exhortatione
756 1078 815 1121 sis
842 1093 956 1121 usus.
1003 1079 1246 1134 »premitur
1271 1081 1422 1134 tyran-

130 1138 229 1180 nide
273 1138 428 1181 civitas
467 1141 638 1193 nostra3
682 1138 842 1180 cotidie
881 1138 1034 1193 gravia
1073 1141 1204 1193 atque
1242 1139 1423 1194 indigna

131 1197 340 1252 patimur:
386 1212 495 1252 opus
535 1200 601 1239 est
639 1198 785 1253 aliquo
818 1197 910 1240 viro
942 1197 1067 1251 forti,
1107 1212 1214 1252 opus
1248 1200 1314 1240 est
1344 1199 1423 1240 ali-

133 1271 218 1312 quo
250 1256 365 1299 bono
399 1257 502 1311 cive,
535 1271 642 1312 opus
675 1259 742 1298 est
772 1257 1005 1299 liberatore
1035 1258 1259 1299 tantorum
1285 1258 1419 1300 malo-

131 1329 264 1358 rum.‹<
307 1316 345 1357 si
370 1318 414 1358 te
439 1316 548 1358 haec
574 1330 671 1358 cum
698 1316 885 1358 maxime
909 1316 1122 1359 dicentem
1143 1316 1421 1372 interrogem,

132 1389 206 1417 cur
255 1389 343 1418 non
387 1375 482 1430 ipse
522 1375 673 1417 facias:
723 1375 1004 1430 respondebis
1054 1375 1251 1431 profecto
1303 1391 1421 1419 »non

130 1449 326 1490 possum,
362 1449 452 1477 non
483 1435 519 1477 is
554 1435 723 1476 animus
762 1435 889 1490 mihi,
926 1450 1017 1477 non
1047 1435 1091 1477 id
1123 1435 1280 1478 virium
1313 1439 1421 1491 est«,

135 1497 179 1536 et
211 1493 371 1536 adicies
403 1496 480 1536 »tu
511 1496 679 1551 potes«.

220 1553 384 1596 Verum
420 1568 509 1596 non
548 1556 777 1596 contentus
816 1553 900 1596 sibi
939 1553 1179 1608 adquisisse
1219 1553 1418 1609 gloriam,

131 1613 264 1655 etiam
300 1613 428 1655 nobis
467 1613 691 1655 detrahere
730 1615 922 1656 conatur.
982 1615 1118 1668 negat
1157 1614 1272 1669 enim
1303 1614 1420 1656 hunc

130 1671 328 1714 iuvenem
361 1672 414 1715 ad
439 1672 775 1728 tyrannicidium
799 1673 935 1716 fuisse
961 1675 1205 1727 venturum,
1235 1673 1321 1716 nisi
1346 1689 1419 1729 pe—

129 1731 256 1774 cunia
287 1731 524 1774 conductus
557 1734 683 1774 esset.
745 1747 769 1774 o
798 1735 1008 1787 quantum
1040 1746 1171 1786 erras,
1205 1732 1337 1787 dives,
1370 1748 1419 1776 ac

226 1865 244 1895 1
280 1859 408 1895 scendi
434 1863 464 1894 A
494 1861 507 1905 11
539 1865 559 1894 2
598 1860 745 1895 actibus
770 1863 824 1894 Aa.
848 1862 860 1905 11
891 1864 914 1894 4
939 1859 1212 1914 ῒο1ιο1111101ἀο111
1243 1863 1289 1903 A,
1315 1863 1418 1905 tyra-

992 1915 1019 1933 18

127 1941 271 1977 nicidas
294 1945 322 1976 Β
341 1943 354 1988 11
373 1946 393 1977 6
427 1942 715 1978 feneratores
741 1946 771 1977 A
789 1944 801 1986 11
825 1943 1062 1978 feneratores
1082 1945 1112 1976 A
1130 1945 1142 1988 11
1162 1947 1254 1978 6-—7
1281 1942 1418 1980 faener.

129 2001 164 2034 q.
190 1989 215 2024 f.
241 2001 277 2034 p.
303 1992 565 2034 procuratores
591 2001 658 2025 om.
685 1993 738 2024 Aa
761 1991 774 2033 11
794 1994 812 2025 7
828 1991 1107 2034 procuratorem
1121 1993 1147 2024 Β
1167 1991 1179 2036 11
1199 1995 1219 2026 8
1245 1990 1418 2036 plerique

129 2040 156 2071 Β
175 2038 188 2082 11
212 2037 438 2082 possidentis
463 2040 517 2071 Aa
535 2038 548 2082 11
567 2037 732 2072 absentis
757 2040 783 2071 B
803 2039 815 2082 11
837 2041 880 2072 10
905 2037 1132 2084 felicitati[s]
1160 2038 1218 2074 Ro
1237 2040 1249 2083 11
1272 2042 1313 2074 12
1340 2039 1419 2084 ple-

127 2095 285 2129 rumque
312 2094 407 2130 quae
433 2083 603 2120 luxuriae
628 2087 655 2118 Β
675 2086 687 2130 11
709 2089 751 2120 13
779 2084 1015 2131 cognitorum
1040 2089 1067 2120 B
1094 2086 1104 2130 11
1133 2090 1175 2121 16
1202 2086 1268 2131 qui
1291 2089 1318 2120 B
1337 2088 1350 2130 11
1369 2087 1418 2122 sis

129 2132 235 2178 0000]
261 2132 351 2167 fisus
376 2135 403 2166 B
423 2132 434 2176 11
456 2136 546 2168 16-
553 2135 594 2168 17
621 2132 814 2178 tyrannidi
837 2136 864 2167 Β
883 2133 895 2178 11
917 2137 960 2168 18
986 2133 1082 2169 forte
1108 2136 1184 2178 AB,
1210 2145 1302 2170 corr.
1330 2134 1418 2187 ῈνΙξ

132 2183 176 2214 23
203 2179 372 2215 adiciens
396 2182 423 2213 B
449 2180 462 2225 11
486 2182 528 2214 tu
559 2180 713 2224 potest.
767 2191 925 2216 .verum
962 2184 1032 2215 B—
1038 2185 1065 2215 P
1096 2183 1107 2227 11
1135 2162 1184 2216 24’
1208 2181 1239 2217 si
1263 2185 1307 2226 Β,
1347 2194 1418 2217 01111

129 2229 157 2260 Ρ
187 2228 200 2273 11
231 2231 275 2262 25
309 2228 466 2262 conatus
491 2230 518 2261 B
550 2227 562 2272 11
594 2231 638 2263 27
674 2208 808 2263 ductus
838 2231 865 2262 Β
895 2230 908 2274 11
939 2230 1119 2274 quantum
1151 2228 1308 2274 gloriam
1342 2241 1418 2265 non

129 2272 252 2322 pretio
277 2274 342 2310 sed
366 2285 434 2320 per
459 2285 497 2310 se
525 2276 625 2310 stare
653 2286 753 2311 erras
778 2278 808 2309 A

1453 436 1474 468 5

1454 734 1496 766 10

1452 1032 1494 1062 15

1450 1329 1493 1360 20

1446 1626 1490 1657 25
