1604 2488
17 0 258 71 weng-3¹3&

42 71 62 84 ,ἢ
72 79 74 82 Ι
90 67 95 75 2
112 60 130 70 -”
138 70 143 80 ,
153 83 155 86 ⁴

435 106 861 154 DECLAMATIONES.
887 115 1112 153 cccxxxL
1331 114 1417 158 305

125 227 269 271 culum
299 241 391 282 par.
395 224 416 247 “
481 225 578 268 Hoc
616 225 652 268 si
690 226 740 268 fit
777 225 945 268 actione
990 225 1266 280 iniuriarum,
1311 239 1414 266 sane

127 286 317 355 ffi9mm
355 285 687 328 similitudinem
725 285 886 327 habere
918 284 1130 327 videatur.
1192 284 1415 339 interrogo

127 345 241 389 enim
270 346 333 400 te,
371 359 427 387 an
457 344 495 386 si
527 358 628 401 ego,
663 344 737 400 qui
767 346 912 387 tecum
943 343 1201 386 iniuriarum
1234 343 1322 399 egi,
1354 357 1416 385 se-

126 399 214 448 inel
245 404 504 447 obiecissem
535 403 617 445 tibi
647 403 730 446 hoc
761 403 876 445 idem
908 403 1089 458 crimen,
1127 405 1171 445 et
1207 404 1256 444 tu
1289 403 1417 444 antea

127 462 357 508 damnatus
400 477 489 505 non
528 476 662 518 esses,
704 477 808 504 num
847 461 987 517 capite
1025 462 1161 504 fueris
1199 460 1416 516 periclita-
1443 472 1463 504 5

126 523 281 566 turus?
336 537 436 577 non,
466 524 515 564 ut
546 521 711 576 opinor.
771 535 856 564 non
892 535 996 578 ergo
1034 534 1115 576 ego
1145 519 1249 576 feci,
1286 523 1336 563 ut
1366 522 1416 563 tu

127 581 270 638 capite
300 580 631 637 periclitareris,
663 579 738 622 sed
768 580 850 636 illi,
885 581 960 636 qui
990 583 1034 623 te
1066 582 1165 622 ante
1196 579 1265 622 bis
1299 579 1416 622 dam-

126 642 351 684 naverunt.
412 654 551 696 neque
589 639 703 682 enim
742 641 1009 682 senectutem
1053 639 1192 682 adfert
1224 653 1416 681 summus

128 699 239 755 dies,
283 699 359 742 sed
398 699 555 755 longus
594 698 698 741 ordo
736 699 870 754 vitae3
906 713 985 741 nec
1018 699 1272 740 ebrietatem
1310 697 1418 740 facit

128 759 206 802 illa
242 758 383 814 potio,
421 760 522 825 post
560 773 692 814 quam
729 732 1038 800 concidendum
1072 760 1155 813 est,
1195 757 1268 799 sed
1308 759 1418 799 tem-
1446 768 1489 799 10

128 817 347 873 pestivum
391 817 635 859 convivium
679 819 723 859 et
761 816 945 860 aviditas
986 817 1132 859 nimia.
1192 830 1281 859 non
1313 830 1416 873 ergo

130 891 227 919 mea
252 876 422 919 actione
454 875 654 918 effectum
686 878 764 931 est,
794 878 844 918 ut
873 875 1197 931 periclitareris,
1229 874 1303 918 sed
1329 875 1416 917 illis

131 934 388 988 actionibus,
420 935 576 990 quibus
609 934 697 977 iam
731 934 961 977 damnatus
993 949 1050 977 es.

219 993 332 1050 „Sed
363 993 588 1036 absolutus
622 1008 730 1048 sum,
760 994 914 1049 inquit,
944 993 1114 1036 tertio.“
1155 993 1417 1048 Viderimus,

130 1054 340 1109 quantum
370 1052 454 1096 hoc
492 1056 544 1095 ad
582 1052 768 1108 gloriam
799 1055 922 1095 tuam
952 1053 1184 1108 pertineat:
1232 1052 1419 1107 interim,
1447 1063 1489 1095 15

99 1133 102 1135 “
130 1111 360 1155 damnatus
393 1126 437 1155 es
471 1111 656 1167 saepius.
695 1111 858 1154 etenim
891 1112 943 1154 de
967 1112 1210 1168 petulantia
1234 1114 1312 1154 tua
1336 1111 1418 1154 hoc

130 1170 198 1213 illi
228 1170 359 1226 primi
390 1170 552 1213 iudices
586 1174 826 1224 senserunt,
856 1170 938 1214 hoc
970 1171 1145 1213 secundi
1171 1166 1418 1213 senserunt:

130 1243 245 1271 nunc
282 1229 507 1272 absolutus
540 1243 597 1271 es.
665 1229 777 1271 nihil
807 1204 859 1271 de
890 1229 1102 1285 religione
1135 1243 1300 1284 eorum,
1346 1229 1419 1284 qui

131 1288 534 1343 pronuntiaverunt,
567 1302 742 1343 querar:
774 1291 899 1330 erant
931 1291 1095 1344 tamen,
1128 1303 1237 1343 quae
1268 1290 1313 1330 te
1346 1287 1419 1330 ad-

132 1347 345 1390 iuvarent.
394 1361 483 1389 non
514 1346 622 1388 illud
655 1347 877 1389 dicebatur
908 1347 952 1388 in
985 1347 1162 1390 iudicio:
1203 1361 1322 1389 »11011
1354 1349 1422 1389 est
1446 1357 1492 1389 20

132 1405 205 1448 hic
235 1405 353 1461 talis,
383 1405 429 1448 in
461 1420 546 1461 quo
577 1406 823 1461 petulantia
854 1406 1066 1448 credenda
1098 1406 1168 1462 sit,
1199 1405 1420 1448 modestos

133 1479 276 1507 mores
307 1464 463 1520 habet,
494 1465 657 1507 nemini
688 1479 893 1520 umquam
923 1465 1028 1507 fecit
1059 1465 1303 1520 iniuriam,«
1348 1465 1421 1507 sed

134 1523 357 1567 dicebatur
387 1524 512 1566 illud:
545 1538 661 1566 »non
692 1524 794 1566 iam·
812 1524 1068 1566 iniuriarum
1098 1524 1261 1579 petitur
1291 1523 1419 1566 ultio:

133 1583 275 1638 capite
317 1583 640 1638 periclitaturus
685 1586 762 1626 est.
829 1583 1000 1626 etiamsi
1045 1583 1146 1639 quid
1191 1583 1422 1638 commisit,

137 1642 245 1685 satis
275 1644 421 1684 tamen
451 1656 690 1697 poenarum
715 1641 873 1684 dedit«
902 1643 998 1698 ipsa
1022 1643 1104 1685 hac
1130 1641 1420 1685 sollicitudine
1447 1652 1491 1684 25

136 1701 515 1758 circumscripsisti
548 1701 886 1744 misericordiam
918 1702 1125 1758 iudicum,
1166 1702 1202 1744 si
1235 1701 1420 1744 alterum

133 1759 318 1804 occisuri
349 1763 482 1803 erant.

663 1877 894 1921 SERMO.

222 1961 276 2003 In
320 1975 488 2003 summa
537 1964 662 2015 parte
713 1960 1032 2015 aestimabitur,
1076 1960 1144 2003 cui
1176 1960 1343 2002 homini
1376 1963 1419 2003 et

134 2022 298 2077 quanta
330 2019 440 2062 ultio
471 2021 658 2074 petatur.
1448 2030 1492 2061 30

229 2139 252 2171 5
275 2134 464 2182 pericli
489 2137 520 2169 A
541 2136 593 2186 Ι[6
619 2147 708 2170 1111111
727 2138 806 2180 AB,
831 2146 922 2172 corr.
949 2135 1036 2171 Aer.
1080 2136 1132 2180 117
1158 2135 1215 2171 bis
1240 2139 1388 2172 0111.Δο

137 2186 182 2218 12
205 2183 250 2218 ut
273 2194 338 2219 om.
366 2185 397 2216 Δ
415 2184 427 2228 ΙΙ
461 2187 602 2218 16-17
628 2184 695 2218 tua
719 2183 820 2227 quod
844 2182 903 2218 illi
927 2182 985 2219 Ro
1004 2184 1016 2229 ΙΙ
1035 2186 1080 2218 23
1105 2183 1181 2219 iam
1206 2184 1249 2220 i‘n
1273 2195 1346 2220 ras.
1375 2186 1421 2227 Δ;

135 2232 245 2266 muta
269 2229 320 2277 (ἓ)
346 2233 410 2275 Ba,
435 2231 566 2266 tamen
589 2232 640 2264 Bb
659 2231 671 2275 ΙΙ
691 2233 737 2266 28
762 2231 891 2266 Sermo
916 2241 983 2267 om.
1009 2233 1036 2264 B

210 2365 396 2398 Quintiliani
416 2365 501 2400 decl„
521 2367 567 2394 ed.
589 2366 699 2395 Ritter.
1163 2364 1209 2395 20
