1586 2476
197 90 223 131 6
667 84 964 133 QUmTILIANi

197 196 410 250 accepisti.
470 196 618 250 Itaque
655 198 697 237 et
737 195 844 238 alias
875 210 1041 250 quoque
1073 196 1336 238 condiciones
1367 195 1452 237 fru-

197 254 369 308 galitati
394 256 491 295 tuae
517 254 639 308 ponit
665 254 823 295 amicus
850 257 1068 308 paternus:
1100 254 1136 295 si
1160 254 1328 307 vixeris,
1350 268 1451 308 quo·

197 312 322 354 modo
354 312 509 353 videris
539 312 706 365 fecisse,
755 312 791 352 si
821 312 993 353 tenendi
1023 311 1165 366 potius
1195 312 1452 366 patrimonii,

197 384 324 424 quam
344 369 562 411 auferendi
587 370 784 411 habueris
810 384 965 424 curam,
991 372 1057 411 est
1081 370 1216 411 adhuc
1241 369 1353 424 quod
1370 370 1452 411 tibi

151 437 171 468 5
197 428 333 482 possit
369 428 554 469 tribuere
591 428 897 482 patrimonium
937 429 1176 482 paternum3
1215 427 1288 469 sed
1318 427 1452 469 adhuc

197 485 328 527 habet
360 500 492 527 suum.

704 598 946 643 CCXLVI.

461 679 717 734 soporatus
749 680 895 723 fortis
926 680 1190 734 privignus.

197 773 276 822 Qui
313 774 482 815 fortiter
517 773 692 824 fecerat,
729 773 843 815 bello
880 774 1129 815 imminente
1167 787 1361 827 soporem
1400 773 1453 815 ab

128 842 170 872 10
311 846 495 873 noverca
537 831 773 873 subiectum
816 832 938 873 bibit.
1000 845 1171 873 causam
1202 831 1309 873 dixit
1347 833 1453 872 tam-

312 904 448 988 qumi-1
478 889 683 955 desertor.
750 889 971 931 absolutus
1016 891 1185 931 accusat
1226 903 1453 931 novercam

312 961 417 989 vene
451 961 516 988 cu.

602 1037 1044 1081 DECLAMATIO.

282 1119 477 1174 Etiamsi,
508 1120 678 1174 iudices,
710 1122 884 1161 eventus
915 1119 1132 1175 proximae
1164 1131 1314 1160 causae
1347 1118 1452 1159 satis

127 1189 169 1220 15
195 1178 326 1220 videri
369 1180 512 1232 potest
553 1153 681 1219 etiani
720 1178 765 1219 in
805 1177 913 1219 hanc
951 1191 1116 1232 quoque
1141 1176 1453 1231 pronuntiasse,

194 1236 379 1290 primum
399 1238 543 1277 tamen
562 1235 721 1277 doloris
748 1235 833 1277 mei
851 1235 1160 1289 professionem
1186 1233 1454 1276 dissimulare

194 1308 280 1335 non
310 1307 503 1347 possum,
553 1293 665 1348 quod
712 1307 937 1335 novercam
986 1295 1086 1335 ante
1130 1305 1326 1334 accusare
1369 1305 1455 1333 non

194 1352 326 1406 potui.
359 1352 490 1394 debeo
512 1351 682 1406 quidem
702 1351 921 1393 sententiis
941 1349 1126 1392 iudicum
1145 1350 1307 1402 omnia3
1326 1348 1454 1391 homo

194 1413 350 1464 tamen,
382 1410 680 1464 gravissimam
705 1409 905 1450 iniuriam
929 1423 1094 1463 passus,
1125 1407 1262 1450 adhuc
1286 1409 1456 1448 tantum

125 1478 169 1509 20
195 1467 419 1509 absolutus
464 1482 569 1509 sum.
629 1466 791 1508 Verum
830 1481 899 1508 me
931 1466 1124 1520 quamvis
1154 1465 1380 1519 praecipue
1410 1465 1456 1505 in

197 1525 279 1567 hoc
308 1525 511 1566 iudicium
542 1527 644 1579 agat
673 1524 780 1566 ultio
812 1525 952 1574 †talis
982 1524 1090 1565 illud
1120 1523 1332 1578 quidem†
1350 1522 1459 1577 peri·

197 1583 336 1624 culum
362 1582 495 1624 fallit:
520 1582 646 1623 hodie
674 1582 956 1636 constituetis,
981 1596 1036 1622 an
1062 1580 1215 1622 merito
1234 1580 1456 1622 absolutus

198 1642 289 1683 sim.
327 1641 440 1682 inter
478 1654 643 1683 summa
675 1639 918 1681 discrimina
949 1639 1009 1680 rei
1033 1638 1227 1692 publicae
1257 1650 1346 1679 non
1375 1637 1458 1678 fuit

197 1712 406 1740 venenum
447 1727 1448 1740 ..................

128 1768 172 1800 25
208 1789 625 1798 ........
667 1769 746 1810 ego
778 1755 955 1796 deserui.
1016 1752 1061 1795 Si
1092 1753 1194 1808 quid
1228 1755 1372 1795 autem
1404 1751 1456 1794 ad

197 1815 306 1857 hanc
356 1814 685 1869 praeteritorum
726 1812 1066 1867 indignationem
1116 1811 1280 1853 adicere
1328 1810 1459 1852 etiam

197 1873 335 1914 forma
346 1874 423 1925 [m]
468 1873 648 1926 ipsa[m]
692 1871 836 1912 iudicii
877 1871 1037 1925 potest:
1081 1869 1186 1910 illud
1230 1871 1343 1910 certe
1383 1870 1460 1922 est,

200 1931 312 1986 quod
343 1930 463 1973 nulla
494 1930 632 1984 possit
662 1929 845 1971 tolerare
876 1927 1101 1983 patientia,
1134 1926 1246 1981 quod
1278 1941 1322 1968 se
1352 1900 1460 1968 mihi

199 1988 417 2031 contendit
466 2001 649 2030 noverca
691 1987 942 2028 beneficium
985 1985 1158 2027 dedisse.
1220 1998 1295 2026 vos
1333 1983 1459 2025 aesti-

126 2059 173 2090 30
198 2047 389 2102 maffitis,
416 2046 517 2101 quid
542 2046 591 2087 de
617 2059 800 2100 persona
825 2044 906 2086 hac
932 2042 1143 2086 sentiatis:
1173 2056 1260 2084 non
1288 2041 1462 2084 fecisset

291 2143 312 2174 3
338 2138 501 2184 coepisse
523 2137 570 2182 (.9)
590 2137 647 2173 Ro
665 2139 677 2183 ΙΙ
703 2141 746 2172 21
773 2149 823 2172 an
847 2136 979 2179 *ultio,
1003 2136 1129 2170 tamen
1152 2144 1198 2169 ne
1221 2132 1276 2168 ill.
1303 2132 1348 2177 (.9)
1377 2133 1388 2177 ΙΙ
1415 2136 1459 2167 22

199 2185 303 2221 *abs
331 2185 400 2220 sim
424 2185 521 2220 inter
546 2196 572 2219 s
600 2184 634 2218 d.
660 2183 714 2219 rei
737 2183 918 2228 publicae.
956 2192 1052 2227 „non
1076 2181 1101 2215 f.
1126 2180 1150 2215 i.
1175 2181 1270 2215 ven!
1273 2179 1344 2224 ι(9)
1374 2180 1386 2224 Η
1417 2182 1460 2213 25

198 2232 281 2277 quis
307 2235 346 2277 A,
372 2243 461 2267 corr.
489 2231 536 2267 Pi
553 2232 565 2275 fl
584 2234 628 2266 27
655 2229 869 2276 *forma[m]
897 2228 1051 2274 ipsa[m]
