1586 2476
147 745 189 776 10

148 1324 192 1355 20

150 1613 194 1644 25

210 108 238 149 6
245 108 268 148 4
689 108 989 151 QUINTILIANI

211 215 425 265 simulata,
446 216 494 256 ut
512 215 735 269 plerisque,
766 215 979 257 excusatio
1010 217 1213 270 superest,
1238 217 1286 257 ut
1310 214 1462 256 dicam:

211 287 299 314 non
331 286 538 326 possum«

299 329 364 371 Tu
394 344 493 372 vero
529 333 670 385 tanto,
708 330 972 385 adulescens,
1006 330 1159 373 fortior
1194 333 1321 385 atque
1352 330 1468 372 omni

214 388 356 441 laude,
393 402 480 430 non
511 389 555 429 in
584 391 732 430 nostra
762 388 887 431 modo
918 391 1130 443 tempora,
1161 389 1233 430 sed
1265 389 1394 430 etiam
1424 388 1468 429 in

214 446 360 487 futura
390 447 533 488 omnia
564 447 731 489 saecula
756 447 935 501 dignior,
966 447 1080 488 solus
1100 446 1470 488 mihi'mortalium

213 503 368 545 videris
411 519 534 545 usum
575 505 777 559 pecuniae
826 505 1102 558 intellexisse3
1134 505 1265 558 (nec)
1306 504 1468 545 frustra

213 562 294 603 tibi
337 575 468 616 aequa
510 562 682 604 fortuna
725 565 890 604 tantum
936 562 1239 616 patrimonium
1275 561 1390 603 dedit
1429 563 1470 603 et

213 620 258 660 in
288 619 414 661 breve
443 619 618 662 humani
643 624 811 675 tempus
838 620 943 674 aevi,
974 620 1106 662 veluti
1131 619 1286 675 grande
1305 619 1468 675 pondus
1536 639 1540 643 ·

214 677 413 731 inposuit.
468 679 788 732 relinquendum
820 681 910 719 erat
941 678 1057 719 istud
1088 681 1130 719 et
1154 692 1221 719 res
1244 677 1471 719 transisset

216 735 267 776 ad
323 735 447 777 alios:
509 736 759 790 quandoque
807 736 1061 790 locupletem
1109 735 1279 778 fecisset
1327 735 1470 776 nescio

216 807 339 847 quem
377 807 490 835 mors
527 794 725 835 liberalis.
779 794 885 835 libet
921 794 1138 835 vobiscum
1173 794 1290 848 loqui
1324 795 1471 835 nostro

214 851 398 905 nomine,
429 852 546 893 avari
576 853 786 906 parcique,
817 852 888 906 qui
915 851 1073 906 aliquid
1097 866 1183 893 non
1205 851 1357 893 fecisse
1383 864 1472 892 sor-

215 909 309 950 dsde
346 909 432 950 iam
470 909 598 951 etiam
636 910 772 951 scelus
811 909 1076 951 existimatis.
1135 923 1219 951 non
1259 911 1357 950 sunt
1386 907 1471 950 ista

217 966 503 1020 <au>ferenda
526 968 748 1010 nobiscum
773 964 907 1022 neque
933 967 985 1008 ad
1009 967 1169 1009 inferos
1201 969 1368 1008 servata
1397 979 1473 1020 per

217 1024 350 1066 vitam
390 1024 561 1067 fortuna
602 1026 881 1080 persequitur.
945 1025 1049 1066 tolle
1085 1039 1225 1079 usum,
1267 1024 1367 1079 quid
1409 1026 1474 1065 est

216 1082 424 1136 pecunia?
485 1082 588 1132 Quis
619 1083 753 1138 igitur
783 1097 884 1124 usus
915 1080 1161 1124 honestior?
1191 1081 1346 1124 nullus.
1395 1095 1472 1123 nec

217 1140 285 1182 hic
316 1141 410 1195 lege
440 1141 576 1194 possit
606 1141 698 1182 fieri
728 1155 836 1190 reus,
868 1141 905 1181 si
935 1140 1044 1181 hanc
1075 1141 1214 1194 ipsam
1241 1139 1474 1194 pecuniam,

217 1211 345 1251 quam
376 1212 452 1252 per
480 1201 547 1241 tot
578 1199 783 1240 beneficia
807 1198 967 1252 divisit,
995 1212 1070 1251 per
1100 1198 1246 1252 gulam
1269 1199 1475 1238 ventrem-

218 1270 298 1309 que
317 1257 639 1298 transmitteret.
661 1256 769 1297 nihil
789 1256 938 1298 obesse
957 1257 1020 1296 rei
1038 1256 1232 1309 publicae
1251 1254 1475 1308 videretur,

219 1314 255 1354 si
274 1314 475 1355 vitiorum
494 1314 713 1356 institores
731 1313 811 1355 hos
831 1313 999 1356 eosdem
1012 1315 1206 1368 sumptus
1219 1312 1475 1354 divisissent.

218 1384 297 1426 ego
341 1386 439 1414 vero
483 1372 583 1414 huic
626 1385 870 1426 comparare
906 1386 959 1412 ne
995 1371 1092 1413 illos
1130 1370 1299 1425 quidem
1335 1370 1476 1423 timeo,

218 1430 290 1483 qui
317 1430 459 1484 aliqua
483 1430 528 1471 in
552 1445 598 1472 re
616 1430 790 1485 publica
809 1443 938 1484 opera
956 1430 1200 1484 posuerunt.
1234 1428 1340 1470 haec
1365 1428 1476 1469 enim

218 1490 338 1528 muta
381 1490 422 1529 et
460 1488 704 1530 inhumanis
749 1490 912 1530 tantum
952 1489 1194 1529 constructa
1231 1485 1476 1528 muneribus

221 1545 402 1598 speciem
434 1546 559 1587 modo
591 1548 634 1587 et
663 1546 833 1587 brevem
865 1545 1073 1599 quendam
1101 1558 1224 1586 usum
1248 1543 1478 1598 voluptati-

219 1602 299 1643 bus
331 1604 492 1644 nostris
523 1603 770 1645 attulerunt.
814 1605 859 1644 at
888 1602 1058 1644 hercule
1089 1602 1319 1643 referamus
1352 1601 1405 1643 ad
1428 1600 1478 1642 il-

220 1660 324 1714 lam,
363 1660 414 1702 de
452 1675 534 1715 qua
571 1660 695 1702 modo
728 1661 892 1703 locutus
926 1674 1036 1713 sum,
1074 1660 1273 1714 speciem:
1318 1662 1475 1714 quanto

219 1718 435 1772 pulchrihs
488 1719 702 1774 integrum
744 1718 891 1772 populi
932 1718 1114 1768 vultum,
1150 1717 1376 1758 inlibatam
1420 1716 1478 1757 di-

220 1777 429 1831 gnitatem
461 1776 616 1818 civium
648 1775 867 1818 servasse?
900 1775 935 1816 si
962 1775 1014 1816 ad
1040 1775 1288 1817 utilitatem:
1320 1777 1476 1828 quanto

315 1882 334 1913 6
349 1877 470 1925 (uec)
483 1878 540 1913 Ro
558 1879 571 1923 ΙΙ
590 1882 609 1913 7
635 1878 761 1922 aliqua
785 1881 825 1922 A,
851 1877 1051 1922 aliquando
1075 1880 1113 1919 B,
1140 1877 1278 1922 alioqui
1296 1876 1362 1920 Gr,
1387 1887 1476 1911 corr.

220 1925 277 1960 Ro
295 1926 307 1970 ΙΙ
325 1925 422 1960 tanti
439 1928 470 1958 A
487 1926 499 1969 n
518 1923 732 1971 dedi(sse>t
757 1927 790 1960 et
810 1928 933 1969 postea
951 1922 1227 1970 inposui<sse>t
1241 1923 1305 1966 Gr,
1329 1923 1479 1966 fortasse

220 1970 457 2006 intellexisse.
483 1972 619 2006 frustra
643 1972 669 2006 t.
695 1970 820 2015 aliqua
844 1970 868 2005 f.
890 1973 916 2005 t.
934 1982 969 2015 p.
990 1970 1091 2005 dedit
1109 1973 1171 2006 etc.
1198 1989 1241 1995 —
1267 1969 1452 2014 inposuit?
1467 1969 1478 2011 Η

223 2021 266 2051 13
300 2017 406 2062 [iam]
439 2017 509 2053 Sch
539 2019 550 2061 Η
581 2017 816 2062 pecuniam
847 2028 931 2052 non
963 2027 1058 2051 esse
1091 2015 1384 2050 claudendam
1414 2018 1444 2048 A
1469 2018 1471 2036 ¹

221 2063 441 2098 existimatis
460 2063 655 2108 pecuniam
669 2074 742 2098 non
755 2074 830 2098 esse
845 2063 1086 2098 claudendam
1098 2065 1124 2095 B
1144 2063 1155 2106 ΙΙ
1176 2060 1479 2108 14<au>ferenda

220 2109 279 2144 Ro
297 2111 309 2153 {l
328 2110 376 2144 ad
399 2110 496 2144 feros
521 2113 551 2143 A
569 2112 580 2155 11
598 2121 664 2155 per
681 2110 796 2144 vitam
821 2111 932 2144 om.'B
951 2110 963 2154 ΙΙ
983 2113 1024 2143 19
1051 2109 1176 2143 obesse
1201 2108 1271 2142 tibi
1294 2107 1480 2142 videretur

221 2159 248 2188 Β
267 2158 278 2200 Η
297 2160 342 2190 20
368 2156 546 2190 divissent
564 2159 604 2200 A,
625 2155 819 2190 diluissent
832 2155 879 2200 (ἓ)
900 2155 957 2190 Ro
974 2156 987 2199 11
1005 2159 1049 2190 23
1069 2155 1236 2189 humanis
1256 2156 1308 2187 Ab
1326 2155 1337 2198 11
1356 2155 1479 2188 tamen

222 2205 297 2246 AB,
323 2212 412 2237 corr.
439 2203 493 2237 Gr
511 2204 522 2246 ΙΙ
540 2203 707 2237 manibus
732 2206 760 2236 A
778 2204 789 2246 11
814 2207 858 2237 24
884 2213 937 2246 sp.
963 2201 1143 2236 modicam
1169 2200 1222 2236 Gr
1239 2202 1251 2246 ΙΙ
1270 2204 1313 2235 25
1340 2200 1480 2235 adtule-

223 2250 296 2283 rint
321 2251 351 2282 A
369 2250 380 2293 Η
399 2252 443 2283 26
470 2249 652 2293 quomodo
678 2252 707 2282 A
