1604 2488
264 125 350 168 238
744 124 1045 167 QUINTILIANI

670 263 1112 308 DECLAMATIO.

350 347 503 390 Merito
535 348 739 402 scriptum
771 350 852 389 est:
889 359 1046 401 magno
1077 346 1241 400 labore,
1271 346 1418 389 multis
1449 360 1520 400 pe-

260 406 405 447 rieulis
437 407 690 448 consecutus
722 420 826 447 sum.

776 519 1002 562 SERMO.

213 613 234 645 5
347 601 428 643 Est
459 602 558 656 <et>
592 602 754 656 aliquid
784 602 1005 656 proprium
1036 600 1351 643 controversiae
1380 600 1492 642 huic.

659 715 1100 759 DECLAMATIO.

346 798 451 841 Peto
494 799 731 853 praemium
767 798 910 852 fortis,
947 798 1019 853 qui
1057 811 1186 839 senex
1221 797 1390 839 fortiter
1425 797 1520 851 feei,

260 857 332 911 qui
372 858 457 899 iam
487 860 609 911 pater
640 857 808 900 fortiter
838 856 937 910 feci,
975 855 1046 910 qui
1076 856 1121 897 in
1154 870 1202 897 ea
1233 855 1320 898 acie
1350 854 1520 898 fortiter

189 985 232 1016 10
257 915 427 1027 &zifsi‘n
451 930 534 970 qua
561 918 602 957 et
627 915 739 957 filius
765 929 882 956 meus
908 914 1029 969 fugit.
1074 912 1182 968 „Sed
1207 914 1356 956 eontra
1379 913 1519 968 legem

773 1051 998 1095 SERMO.

345 1134 504 1176 Iterum
529 1135 604 1176 illa
630 1134 879 1176 communia.
923 1147 1046 1175 omne
1070 1133 1342 1188 privilegium
1367 1136 1517 1175 contra

257 1193 422 1247 reliqua
452 1193 546 1234 iura
578 1206 685 1247 esse3
717 1193 818 1234 viris
850 1191 1033 1233 fortibus
1068 1206 1155 1233 non
1178 1205 1305 1245 posse
1324 1191 1520 1245 ,praemia

255 1251 454 1305 persolvi,
483 1251 567 1292 nisi
599 1265 694 1292 cum
720 1250 863 1304 aliqua
887 1249 1162 1291 inclinatione
1194 1249 1303 1304 legis
1329 1249 1519 1292 alicuius.

188 1319 230 1352 15
256 1310 361 1351 haec
398 1309 483 1350 iam
514 1311 712 1363 prompta
743 1310 791 1350 ut
821 1321 1130 1362 comparemus:
1170 1307 1340 1349 etiamsi
1371 1309 1519 1349 contra

257 1367 396 1423 legem
430 1370 644 1422 optamus,
674 1369 815 1408 utram
846 1369 991 1408 tamen
1021 1366 1158 1420 magis
1191 1365 1349 1407 servari
1378 1366 1518 1421 legem

254 1424 424 1480 placet?
455 1428 598 1467 utrum
630 1439 740 1479 eam,
778 1439 884 1480 quae
914 1424 1121 1466 honorem
1151 1423 1224 1465 dat
1254 1423 1360 1465 bene
1392 1423 1518 1465 meri-

255 1484 332 1537 tis,
370 1498 423 1525 an
457 1497 567 1537 eam,
605 1497 712 1538 quae
743 1483 967 1525 constituit
1003 1495 1184 1536 poenam
1214 1480 1519 1536 peccantibus?

256 1541 404 1583 deinde
438 1541 697 1596 specialiter:
728 1543 869 1582 utrum
902 1555 1014 1594 eam,
1054 1554 1161 1594 quae
1191 1539 1395 1581 honorem
1424 1539 1518 1581 viro

187 1610 231 1641 20
257 1599 360 1640 forti
393 1599 483 1653 dat,
521 1614 575 1640 an
613 1614 724 1653 eam,
762 1613 867 1652 quae
904 1612 1085 1652 poenam
1122 1597 1326 1640 desertori
1363 1597 1519 1640 consti*

256 1656 369 1698 tuit?
406 1658 450 1698 in
485 1660 667 1711 utraque
708 1671 752 1697 re
785 1657 999 1710 speciosus
1033 1659 1075 1696 et
1106 1658 1278 1709 apertus
1308 1657 1519 1697 tractatus

257 1718 338 1756 est:
378 1729 480 1756 nam
524 1715 759 1756 describere
798 1728 1039 1768 possumus,
1078 1715 1236 1767 quanta
1273 1727 1366 1755 cum
1411 1712 1517 1754 diffi-

256 1773 414 1815 cultate
451 1772 623 1814 fortiter
659 1774 871 1827 pugnetur
910 1775 951 1813 et
989 1773 1147 1826 quanto
1186 1785 1279 1812 cum
1317 1770 1519 1825 periculo,

256 1834 299 1873 et
342 1845 540 1872 excusare
584 1833 626 1872 et
669 1831 766 1872 dare
811 1830 975 1871 veniam
1026 1829 1226 1883 aliquam:
1273 1829 1321 1870 ut
1362 1831 1519 1870 natura

348 1995 368 2027 5
393 1991 485 2039 (et)
510 1990 587 2034 Ro;
619 1990 738 2038 (sed)
764 1992 820 2025 est
844 1991 917 2026 Aer
936 1992 947 2035 ss
967 1989 1211 2025 controversio
1231 1991 1260 2023 Δ
1279 1990 1329 2035 118
1355 1988 1418 2033 qui
1441 1988 1516 2023 iam

254 2040 359 2084 pater
384 2039 530 2074 fortiter
553 2037 625 2073 feci
650 2048 714 2073 om.
740 2041 769 2071 A
800 2039 811 2082 ΙΙ
842 2041 861 2072 9
887 2047 988 2072 meus
1013 2036 1085 2070 fuit
1108 2039 1134 2069 P
1163 2037 1175 2080 ΙΙ
1207 2039 1250 2070 14
1275 2035 1349 2070 alia
1373 2037 1403 2070 Δ
1433 2036 1445 2080 ΙΙ
1474 2038 1518 2069 15

253 2084 783 2167 ΡῘΟΡΥΞΞΟΒΞΖΟΗΒΞᾎΞἭᾺ
802 2086 813 2128 ¹¹
832 2087 876 2164 Ξῗ
901 2093 1104 2166 ἓῖῗέῗῗ
1129 2081 1519 2173 ἴᾛὲἑθὲἶαὲξωὲῗ

253 2143 386 2233 {ga-ara
411 2159 571 2232 d’ignam.
623 2177 689 2223 [sit
714 2178 753 2231 et
779 2132 841 2212 (lif.
867 2177 891 2212 f.
917 2188 952 2222 p.
963 2204 979 2230 ‚⁸
1009 2157 1149 2220 fluxum
1179 2185 1222 2228 <gx
1245 2171 1333 2210 nota
1356 2174 1398 2209 in
1421 2153 1517 2209 '’nar-

247 2228 551 2318 sszleycffpoma:
588 2235 659 2262 esse
689 2224 754 2268 das.
781 2224 807 2267 f.
827 2223 885 2270 μ]
919 2223 1008 2268 quid
1033 2234 1080 2258 m.
1107 2219 1270 2268 (emm),
1295 2223 1356 2257 etc.
1384 2219 1445 2264 (ἓ),
1471 2220 1516 2263 cf.
