1586 2476
472 117 894 155 DECLAMATIONES.
923 117 1075 155 CCLIX.
1363 116 1420 160 57

133 229 280 284 titate,
317 228 566 271 innocentia
603 228 724 283 fecit,
761 230 811 270 ut
846 227 962 270 inter
1000 240 1149 270 omnes
1188 226 1321 270 etiam
1354 242 1422 268 su-

133 287 316 344 perioris
347 287 548 331 fortunae
582 287 830 330 carissimus
862 286 1089 329 videretur.
1145 286 1293 342 itaque
1325 285 1421 328 her-

135 347 242 402 cule,
274 361 372 390 cum
399 361 581 403 peregre
613 346 828 402 proficisci
854 345 1127 401 destinasset,
1159 360 1422 401 quamquam

133 406 463 463 navigationum
513 406 705 462 pericula
752 419 840 448 non
890 405 1114 462 ignoraret
1160 405 1423 460 adulescens,

135 470 283 509 tamen
325 468 497 508 secutus
541 479 618 521 per
655 465 812 520 maria,
854 479 932 521 per
969 466 1267 519 tempestates.
1335 479 1422 507 non

134 525 319 568 nimium
359 525 411 567 de
447 525 626 568 fortuna
662 525 897 581 querimur:
943 524 1115 566 etiamsi
1145 523 1423 579 naufragium

135 585 241 627 illud
285 584 448 627 multos
492 587 651 639 metus,
694 584 871 640 longam
908 583 1200 638 vexationem,
1245 583 1424 639 aliquod

138 644 291 688 attulit
305 643 624 699 detrimentum,
642 646 793 686 tamen
812 658 905 686 rem
925 642 1231 686 difficillimam
1252 657 1423 698 expres-

136 703 206 760 sit,
231 703 332 746 fidei
357 703 716 759 experimentum:
741 703 788 745 in
809 702 886 745 illa
905 702 1099 746 omnium
1118 702 1424 759 trepidatione,

134 763 182 806 in
219 777 305 819 qua
340 777 419 818 pro
459 778 537 805 sua
575 763 756 818 quisque
795 762 935 805 salute
973 762 1183 804 sollicitus
1224 761 1334 804 nihil
1371 761 1422 804 de

136 821 335 877 proximo
381 822 622 890 cogitabat,
670 836 766 864 cum
814 822 927 864 inter
969 821 1124 864 fluctus
1170 823 1214 864 et
1256 821 1424 863 turbati

137 881 271 924 maris
303 881 445 924 minas
477 882 549 924 vix
580 881 759 924 evadere
788 896 838 923 ac
863 895 966 924 suae
992 880 1174 936 quisque
1201 881 1424 923 consulere

138 939 272 983 saluti
302 940 532 995 videretur,
558 955 646 984 non
666 955 734 982 me
754 940 930 983 hercule
954 940 1102 995 miror,
1133 940 1247 995 quod
1273 955 1424 995 quam-

135 1000 203 1043 vis
241 999 433 1056 optimus
471 1003 598 1055 pater
637 1000 775 1042 filiam
806 1002 954 1042 tamen
984 999 1199 1055 respicere
1230 1014 1318 1043 non
1350 1013 1423 1054 po-

134 1058 232 1102 tuit.
268 1059 364 1115 quis
390 1059 506 1102 enim
531 1059 614 1102 hoc
633 1059 826 1102 crederet
845 1074 971 1115 posse
990 1059 1098 1113 fieri,
1116 1062 1164 1101 ut
1183 1073 1273 1102 non
1293 1059 1422 1101 modo

135 1118 269 1161 saluti
301 1133 404 1161 suae
436 1118 690 1174 consuleret,
723 1133 871 1162 verum
902 1119 1035 1161 etiam
1067 1121 1268 1174 suscepto
1295 1132 1425 1160 onere

136 1177 406 1220 infirmitatis
445 1178 611 1220 alienae
655 1178 835 1221 evadere
873 1178 918 1220 in
959 1180 1120 1220 terram
1166 1181 1210 1220 et
1254 1178 1425 1220 vincere

135 1237 403 1280 imminentis
447 1237 650 1281 fortunae
686 1239 871 1292 impetus
912 1237 1091 1292 posset?
1152 1238 1300 1292 itaque
1338 1251 1427 1279 non

137 1311 286 1339 servus
319 1296 435 1339 ullus
467 1299 558 1339 tam
590 1295 743 1351 fidelis,
773 1312 860 1340 non
890 1297 1073 1339 libertus
1099 1299 1191 1339 tam
1217 1296 1426 1338 beneficio

137 1355 357 1411 obligatus
395 1356 742 1399 manumittentis
783 1356 884 1412 fuit,
926 1359 976 1399 ut
1012 1355 1094 1398 hoc
1138 1355 1284 1398 subire
1315 1355 1424 1410 peri-

138 1414 280 1457 culum
323 1418 484 1470 posset.
546 1430 656 1458 unus
701 1416 864 1458 amicus
909 1414 1123 1471 (nondum
1161 1415 1276 1458 enim
1317 1414 1426 1456 illud

136 1473 326 1516 faciebat
378 1476 604 1530 tamquam
663 1474 815 1530 gener)
865 1476 1042 1529 accepta
1091 1474 1283 1516 humeris
1335 1473 1425 1516 suis

136 1533 283 1587 puella
312 1547 390 1588 per
419 1535 487 1576 tot
516 1533 811 1589 difficultates,
853 1548 932 1590 per
967 1536 1036 1577 tot
1079 1533 1285 1589 pericula,
1315 1532 1426 1575 nihil

136 1606 214 1647 pro
248 1606 292 1635 se
332 1592 428 1648 ipso
471 1593 700 1647 sollicitus,
741 1593 856 1636 tulit.
918 1607 1048 1648 quam
1079 1592 1196 1635 istud
1227 1607 1315 1635 non
1346 1592 1425 1635 hu-

137 1665 287 1694 manae
319 1654 490 1694 tantum
526 1652 729 1709 op[er]is,
764 1652 839 1695 sed
872 1652 1007 1695 divini
1042 1652 1266 1695 cuiusdam
1297 1652 1425 1695 bene·
1454 1684 1471 1694 ..

136 1710 223 1754 ficii
255 1710 550 1755 arbitrandum
583 1711 678 1754 est?
738 1715 839 1755 tunc
868 1712 948 1755 hos
981 1711 1269 1755 coniunxistis
1306 1725 1424 1765 copu-

137 1770 356 1826 lastisque.
396 1771 596 1813 fortunae
627 1771 739 1814 nihil
769 1786 945 1814 necesse
975 1771 1116 1814 habeo
1149 1771 1312 1814 diutius
1343 1771 1426 1814 hoc

135 1829 364 1885 imputare,
404 1833 629 1886 tamquam
665 1845 752 1874 non
784 1831 1069 1874 intellectum.
1118 1845 1207 1874 non
1237 1830 1427 1886 perdidit

136 1888 408 1932 beneficium:
441 1893 486 1932 et
515 1890 662 1945 puella
692 1905 738 1933 se
768 1890 879 1933 nihil
910 1904 999 1933 non
1030 1890 1132 1933 huie
1156 1890 1312 1932 debere
1338 1904 1424 1932 cre-

137 1947 247 1990 didit
279 1950 323 1991 et
353 1951 479 2004 pater
509 1949 572 1991 ita
602 1949 913 2005 interpretatus
946 1952 1012 1992 est
1043 1963 1196 1992 munus
1225 1949 1347 2005 illud,
1378 1952 1426 1992 ut

138 2007 409 2050 existimaret
447 2008 586 2051 amico
618 2008 663 2050 in
695 2024 741 2051 se
772 2023 822 2053 ac
854 2023 955 2052 suos
989 2009 1135 2051 omnia
1166 2009 1307 2051 licere.
1356 2024 1425 2051 ru-

235 2128 277 2160 11
305 2124 448 2160 fructus
474 2127 503 2158 A
523 2127 534 2170 Η
556 2129 598 2160 13
625 2124 748 2160 minor
772 2127 826 2159 Aa
844 2126 856 2170 ΙΙ
874 2124 966 2170 quid
991 2128 1033 2171 A,
1060 2125 1247 2171 quomodo
1267 2128 1307 2171 B,
1333 2136 1424 2162 corr.

138 2170 195 2207 Fr
221 2172 233 2216 ΙΙ
260 2175 303 2207 16
330 2183 460 2207 verum
486 2184 561 2218 qua
586 2175 616 2206 A
642 2174 653 2218 ΙΙ
678 2172 816 2208 honere
842 2176 872 2207 A
897 2175 908 2219 ΙΙ
935 2176 978 2209 18
1005 2173 1204 2210 eminentis
1230 2175 1306 2218 AB,
1332 2184 1424 2209 cor-r.

137 2218 192 2254 Gr
222 2221 234 2265 ss
263 2221 386 2255 metus
411 2222 488 2263 AB,
514 2231 605 2256 corr.
632 2220 725 2263 Ros
721 2219 733 2264 ΙΙ
763 2224 808 2256 25
834 2220 989 2256 humani
1013 2222 1040 2256 t.
1068 2220 1192 2267 operis
1216 2223 1298 2264 AB,
1332 2231 1424 2256 corr.

137 2265 196 2301 Ro
220 2267 232 2310 ΙΙ
257 2270 302 2302 26
328 2270 385 2302 est
410 2277 475 2303 om.
502 2270 530 2302 Β
557 2269 569 2313 11
594 2278 679 2303 cum
705 2270 745 2311 A,
771 2269 852 2303 tum
877 2270 916 2312 B,
942 2279 1035 2305 corr.
1061 2267 1120 2304 Ro
1139 2269 1151 2313 ΙΙ
1171 2267 1425 2313 culpastisque

137 2315 214 2357 AB,
239 2324 331 2350 corr.
357 2314 432 2350 Aer
458 2316 469 2359 ΙΙ
494 2319 540 2350 30
565 2314 714 2350 *maius
740 2317 802 2349 AB
822 2317 834 2361 ιΙ
857 2315 951 2351 istut
975 2318 1005 2349 A
1025 2318 1036 2362 ΙΙ
1055 2317 1097 2351 ut
1122 2326 1189 2352 om.
1215 2316 1336 2359 31131
1366 2325 1426 2350 ex-

1453 772 1498 803 10

1453 1070 1498 1100 15

1451 1366 1498 1398 ·20

1451 1960 1498 1992 30
