1586 2476
462 93 890 132 DECLAMATIONES.
915 93 942 131 C
947 94 1105 130 CLXHI.
1374 91 1429 134 75

142 205 283 249 dicere
308 219 531 248 ausurum.
580 205 648 247 bis
680 204 768 247 iam
793 202 1127 255 contradixerat,
1158 202 1226 244 bis
1251 215 1340 244 non
1365 204 1430 244 te-

141 267 308 307 nuerat.
356 265 552 320 proxime
585 263 712 306 dixit:
754 278 844 306 non
886 262 1079 305 tenuisse
1122 276 1220 304 eum
1258 261 1429 304 scimus.

142 338 246 380 ergo
279 323 317 366 si
349 326 392 366 et
423 323 493 366 lex
520 323 858 379 ignominiosum
883 322 977 365 vult
1002 335 1096 364 esse
1123 336 1232 376 eum,
1264 320 1339 377 qui
1363 323 1430 363 ter

140 383 452 426 contradixerit
494 397 572 426 1100
614 382 822 438 tenuerit,
865 385 909 425 et
951 381 1022 424 hic
1061 380 1326 424 contradixit
1363 383 1430 422 ter

139 457 219 486 nec
249 443 406 485 tenuit:
439 441 654 497 quomodo
685 456 773 485 non
805 441 863 484 sit
897 440 1215 496 ignominiosus
1242 439 1427 482 inveniri
1454 449 1474 481 5

138 501 344 558 profecto
377 516 465 544 non
496 501 678 557 poterit.

230 560 331 604 Non
362 563 498 616 negat
529 575 574 603 se
605 561 651 603 in
682 560 792 604 hanc
823 560 964 616 legem
996 559 1219 602 incidisse:
1256 558 1330 601 sed
1362 573 1429 602 ea-

139 620 239 663 dem
271 620 519 678 rogatione,
559 620 626 663 cui
659 619 937 674 contradixit,
977 619 1171 662 solutum
1203 633 1297 661 esse
1329 632 1428 661 con-

138 679 291 723 tendit.
345 680 559 736 placuisse
591 679 705 722 enim
730 678 913 735 publice,
944 681 993 721 ut
1020 678 1217 721 omnibus
1243 678 1428 734 ignomi-

139 739 276 782 niosis
319 742 426 782 nota
468 739 774 782 remitteretur.
845 737 943 781 Non
987 738 1122 781 miror
1162 738 1297 780 istum
1336 740 1428 780 tam
1456 747 1500 779 10

138 798 391 854 frequenter
429 798 741 842 contradicere:
778 798 869 840 vim
900 798 1049 854 legum
1080 812 1236 853 parum
1267 797 1428 852 perspi-

138 858 218 913 cit3
256 872 341 914 quo
379 858 623 913 pertineant
660 857 929 914 rogationes,
968 859 1044 899 aut
1075 856 1322 899 dissimulat
1355 859 1429 898 aut

138 917 324 973 ignorat.
354 917 460 959 ferri
491 917 683 972 profecto
715 917 908 973 rogatio,
947 916 1147 972 quotiens
1180 930 1318 971 poena
1350 915 1429 958 ali-

137 990 225 1032 qua
256 976 512 1030 remittitur,
551 991 639 1019 non
670 978 833 1031 potest,
864 975 950 1018 nisi
982 976 1033 1017 de
1064 975 1152 1029 his,
1184 975 1257 1030 qui
1287 989 1429 1030 poena

138 1035 226 1078 iam
256 1037 471 1078 tenentur.
514 1035 565 1077 Id
597 1035 665 1078 vel
698 1035 964 1091 cogitatione
996 1035 1100 1089 eius,
1131 1035 1204 1090 qui
1230 1034 1332 1076 tulit
1356 1048 1426 1077 ro·
1455 1044 1498 1077 15

137 1094 373 1151 gationem,
405 1094 473 1137 vel
506 1094 809 1138 aestimatione
842 1094 1005 1150 populi,
1036 1095 1105 1136 vel
1136 1095 1232 1150 ipsa
1263 1093 1327 1136 rei
1353 1108 1430 1136 na·

135 1157 235 1197 tura
264 1154 596 1210 perspiciamus.
625 1154 682 1210 Is,
714 1154 788 1210 qui
814 1154 983 1197 ferebat
1007 1154 1294 1210 rogationem,
1323 1168 1429 1196 num

137 1213 304 1270 aliquid
342 1214 534 1270 cogitare
573 1214 624 1256 de
663 1228 712 1257 οο
749 1214 912 1270 potuit,
956 1214 1030 1269 qui
1060 1228 1149 1256 non
1181 1215 1275 1255 erat
1305 1213 1428 1269 igno-

137 1272 379 1317 miniosus?
410 1288 510 1329 non,
541 1277 591 1316 ut
622 1274 790 1329 opinor.
842 1287 981 1329 neque
1013 1273 1129 1315 enim
1153 1272 1262 1314 hic
1250 1287 1337 1314 iam
1362 1275 1429 1314 ter

136 1332 461 1375 contradixerat
485 1333 717 1389 rogationi,
741 1347 820 1375 1100
845 1348 901 1375 an
926 1333 1056 1375 tertio
1082 1331 1427 1374 contradicturus
1455 1342 1500 1374 20

136 1394 268 1447 esset,
307 1392 493 1434 divinari
530 1395 712 1448 poterat.
777 1406 880 1448 ergo
920 1392 994 1448 qui
1031 1391 1201 1434 ferebat
1238 1391 1428 1447 rogatio-

136 1465 250 1506 nem,
286 1450 398 1493 nihil
430 1451 482 1493 de
514 1465 564 1494 00
596 1451 820 1507 cogitavit.
883 1451 1091 1506 Populus,
1124 1465 1222 1494 cum
1254 1451 1298 1492 in
1330 1465 1428 1493 con-

138 1509 284 1552 silium
316 1510 565 1553 mitteretur
597 1513 640 1552 et
671 1511 950 1553 miseratione
982 1510 1207 1553 hominum
1236 1524 1428 1553 movere·

135 1571 227 1624 tur,
270 1569 322 1612 de
360 1569 428 1612 his
467 1570 696 1626 cogitavit,
739 1570 812 1626 qui
849 1569 1131 1625 ignominiosi
1170 1569 1257 1612 iam
1290 1572 1427 1612 erant.

135 1628 324 1672 fortasse
356 1631 499 1671 motus
532 1633 599 1672 est
628 1644 820 1684 numero,
850 1629 1038 1672 fortasse
1071 1631 1214 1671 motus
1242 1631 1308 1671 est
1333 1643 1426 1684 per·
1454 1638 1499 1671 25

137 1688 270 1744 sonis,
299 1688 486 1731 fortasse
518 1691 664 1731 motus
696 1691 762 1731 est
793 1689 948 1731 causis.
1002 1689 1072 1731 hic
1105 1703 1241 1744 neque
1273 1689 1319 1730 in
1350 1703 1428 1731 nu-

136 1761 255 1790 mero
293 1762 386 1790 esse
424 1750 615 1803 poterat:
653 1748 843 1790 nondum
877 1748 991 1791 enim
1024 1748 1327 1804 ignominiosis
1359 1762 1427 1791 ac-

133 1810 344 1861 cesserat3
375 1821 513 1862 neque
547 1822 676 1850 causa
702 1808 979 1862 miserabilis,
1010 1807 1084 1864 qui
1109 1822 1164 1850 ne
1197 1807 1427 1850 damnatus

139 1865 311 1921 quidem
343 1869 476 1922 esset3
508 1881 645 1922 neque
678 1881 874 1922 persona.
921 1881 1024 1923 ergo
1056 1881 1134 1909 nec
1161 1867 1234 1922 qui
1259 1867 1427 1910 ferebat

135 1926 427 1980 rogationem,
470 1940 549 1968 nec
582 1926 655 1981 qui
687 1926 977 1981 accipiebant,
1014 1927 1065 1968 de
1096 1926 1180 1968 hoc
1213 1927 1428 1982 cogitave-
1454 1937 1500 1969 30

137 1986 253 2026 runt.
314 1984 439 2027 Nunc
482 1985 622 2040 ipsam
659 1985 723 2026 rei
758 1988 961 2028 naturam
1004 1985 1263 2028 intueamur.
1326 1985 1429 2041 quid

138 2043 305 2086 remitti
330 2046 486 2099 potest,
513 2043 597 2086 nisi
624 2044 737 2099 quod
762 2044 956 2088 debetur?
995 2044 1101 2087 haec
1126 2045 1298 2101 rogatio
1319 2045 1429 2087 nihil

231 2147 446 2184 2*dixerat
458 2151 522 2183 AB
541 2150 554 2194 ss
573 2153 594 2184 4
609 2148 669 2184 hic
696 2149 962 2185 contradixerit
986 2151 1043 2185 ter
1057 2153 1088 2184 Δ
1106 2151 1118 2194 ΙΙ
1139 2154 1159 2186 5
1185 2161 1260 2186 non
1284 2149 1336 2185 sit
1361 2160 1426 2186 om.

137 2197 171 2229 A
188 2196 200 2240 ΙΙ
222 2199 263 2230 11
290 2206 492 2241 parumper
517 2196 652 2241 aspicit
678 2198 740 2230 AB
760 2198 771 2242 u
791 2200 834 2232 21
862 2197 1031 2233 divinare
1057 2200 1250 2241 A13,cmr.
1278 2198 1362 2242 Gru
1384 2202 1426 2233 22

137 2242 200 2277 *111
225 2242 443 2288 suffragium
470 2243 614 2289 (9))1127
640 2243 913 2289 ignominiosus
939 2248 965 2279 B
991 2247 1067 2291 1128
1094 2244 1277 2280 mirabilis
1303 2247 1427 2290 A1129

134 2288 281 2325 ferebat
304 2293 330 2323 1³
356 2291 368 2335 [Ι
395 2295 441 2326 30
466 2291 676 2336 accipiebat
702 2294 841 2325 AB-l’
858 2293 870 2337 Ι]
890 2296 934 2327 32
962 2292 1124 2329 creditur
1149 2295 1223 2336 AB,
1250 2303 1342 2329 corr.
1369 2292 1428 2328 Ro
