1560 2462
174 112 290 148 XXVI
657 113 940 148 PRAEFATIO.

174 211 349 250 monenti
374 213 414 249 et
443 211 547 250 viam
579 211 863 249 demonstranti
888 223 937 248 an
962 211 1087 249 actori
1111 224 1181 260 per
1205 211 1431 250 continuam

176 275 499 313 declamationem
524 275 701 324 loquenti
725 275 935 314 tribuenda
960 275 1012 313 sit
1032 295 1086 302 —
1106 275 1228 314 verba
1246 275 1431 313 nimirum

176 338 469 377 declamationis
511 339 552 375 et
583 339 772 376 sermonis
803 338 890 387 plus
923 339 1044 376 semel
1072 338 1176 377 inter
1203 351 1244 377 se
1263 333 1432 377 ⁴confusa

173 403 214 439 in
250 414 330 439 mss
369 422 423 427 —
462 401 624 439 dubium
660 401 746 439 fieri
781 403 921 450 potest.
989 402 1128 440 Altera
1164 403 1206 440 in
1245 414 1290 440 eo
1327 402 1432 441 inest

172 465 396 514 difficultas,
427 465 531 513 quod
566 465 740 502 forenses
771 477 834 502 res
859 464 920 502 his
946 464 1294 503 declamationibus
1318 477 1430 513 prae-

171 531 361 578 parantur
397 530 437 567 et
472 530 714 577 tractantur,
751 531 791 566 et
821 528 930 576 leges
961 528 1139 578 insuper,
1169 528 1310 577 quibus
1342 540 1430 566 con-

170 593 346 631 tinentur
377 605 531 642 causae,
562 604 746 641 magnam
776 593 930 640 partem
954 591 1128 629 incertae
1153 593 1256 641 sunt,
1287 592 1431 641 quippe

170 668 247 694 non
289 669 336 694 ex
372 657 547 694 Romano
589 657 743 693 tantum
786 655 870 693 iure
913 654 1078 704 petitae,
1121 654 1190 693 sed
1229 654 1348 694 etiam
1385 668 1431 694 ex

172 719 341 770 Graeco,
372 721 436 757 vel
463 719 582 757 etiam
607 719 844 756 constitutae
874 718 980 756 inani
1012 717 1335 757 scholasticorum
1364 718 1429 756 fic-

171 782 288 821 tione.
331 783 421 821 Non
454 783 536 820 sine
562 794 682 820 causa
705 781 829 831 igitur
853 793 999 830 eorum,
1031 781 1098 830 qui
1121 781 1271 830 priores
1298 793 1431 820 curam

169 846 210 883 in
249 846 488 895 corrigendis
532 848 572 883 et
614 845 868 894 explanandis
905 845 1035 883 verbis
1069 847 1302 894 posuerunt,
1345 846 1430 884 iure

170 910 337 948 consulti
360 910 521 958 plurimi
544 911 720 957 fuerunt,
752 912 869 958 atque
899 909 1059 947 Aerodii
1089 909 1176 958 illa,
1207 921 1284 946 non
1315 920 1430 958 posse

171 973 265 1011 haec
295 974 373 1011 nisi
403 975 507 1011 certe
545 973 640 1010 iuris
675 973 800 1021 perito
832 973 1048 1020 emendari,
1083 973 1213 1010 nescio
1244 984 1295 1010 an
1330 972 1430 1010 ulte·-

169 1035 250 1074 rius
287 1038 512 1085 pertineant
542 1049 659 1085 quam
696 1037 745 1074 ad
782 1037 943 1074 confusa
978 1036 1048 1073 illa
1079 1038 1119 1074 et
1148 1036 1261 1074 foede
1292 1036 1430 1084 depra-

167 1102 260 1138 vata
291 1100 472 1138 editionis
504 1101 546 1147 P,
579 1100 626 1138 de
657 1113 734 1149 qua
763 1099 937 1148 loquitur
966 1100 1067 1148 ipse,
1097 1099 1230 1137 verba.

257 1163 316 1202 De
349 1164 546 1212 scriptura
575 1164 671 1201 11388
695 1175 850 1202 moneo:
885 1166 1060 1201 secutum
1090 1175 1153 1201 me
1181 1162 1428 1201 esseBram-

171 1227 353 1265 bachium
386 1222 704 1279 (Hiilfsbfichlein
733 1241 763 1265 z.
790 1227 857 1265 lat.
883 1221 1265 1278 Rechtschreibung)
1291 1227 1348 1264 ita
1373 1229 1427 1268 ut,

168 1290 236 1328 ubi
265 1290 369 1328 inter
401 1291 498 1328 duas
531 1291 676 1329 formas
707 1290 873 1328 liberam
905 1291 1100 1339 optionem
1126 1290 1311 1340 admittit,
1342 1303 1426 1330 eam

167 1355 355 1404 eligerem
404 1367 520 1403 quam
569 1354 688 1393 codex
724 1354 777 1401 A,
826 1357 866 1392 et
907 1354 991 1402 ipse
1035 1366 1113 1391 non
1154 1366 1308 1403 semper
1353 1354 1430 1392 sibi

167 1420 367 1465 constans,
403 1418 628 1467 praeberet3
667 1420 801 1456 contra
839 1417 947 1455 cuius
984 1420 1116 1455 tamen
1153 1417 1428 1456 auctoritatem

170 1482 386 1520 scribebam
417 1482 601 1520 incohare
633 1484 673 1519 et
702 1481 946 1519 Fleckeiseni
976 1481 1125 1519 monita
1150 1476 1226 1532 (50
1250 1475 1427 1533 Artikel)

167 1544 397 1583 observans:
444 1557 658 1591 arcessere,
703 1557 802 1593 quae
846 1545 1039 1592 scriptura
1078 1545 1296 1592 promiscue
1340 1556 1429 1582 cum

166 1607 236 1645 illa
272 1619 471 1646 accersere
507 1608 548 1645 in
586 1607 714 1645 codice
741 1608 777 1645 A
814 1610 1037 1656 usurpatur.
1097 1607 1356 1645 Brambachio
1387 1608 1428 1644 in

168 1683 212 1709 eo
242 1683 320 1708 non
351 1671 638 1720 obtemperavi,
670 1670 774 1719 quod
806 1683 823 1709 s
855 1673 944 1719 post
973 1683 1014 1719 x,
1046 1671 1147 1719 quod
1178 1683 1338 1720 perraro
1370 1671 1428 1709 in-

166 1734 323 1773 venitur
364 1734 404 1772 in
441 1734 494 1784 A,
538 1735 725 1783 oppressi.
791 1734 1063 1772 Nominativos
1106 1736 1146 1772 et
1183 1734 1426 1774 accusativos

165 1798 331 1847 pluralis
368 1798 510 1836 tertiae
554 1810 687 1836 omnes
724 1810 794 1846 per
832 1809 899 1835 -es
937 1797 1146 1847 declinavi,
1189 1810 1426 1847 quamquam

165 1862 332 1915 ‚,omnis,
363 1860 514 1910 partis“
545 1863 698 1910 aliaque
727 1861 871 1900 similia
900 1873 1193 1910 nonnumquam
1222 1862 1264 1899 in
1287 1861 1427 1900 harum

167 1925 495 1963 declamationum
525 1926 724 1964 codicibus
754 1921 1068 1976 inveniuntu2·.*)

258 2018 292 2062 ²¹⁶)
319 2019 412 2053 Sunt
436 2020 558 2053 autem
584 2018 668 2053 illa:
693 2018 808 2063 partis
834 2021 913 2058 235,
929 2020 989 2059 283
1017 2021 1095 2060 414,
1112 2021 1153 2052 19
1174 2017 1242 2052 ΑΒ
1268 2037 1312 2043 —
1342 2028 1426 2062 pro-

166 2065 384 2110 pinquitatis
410 2068 493 2108 245,
510 2069 530 2099 9
565 2065 692 2099 mortis
717 2068 795 2108 284,
823 2067 884 2108 (4.)
911 2068 930 2098 7
955 2064 988 2097 A
1014 2084 1055 2088 —
1083 2063 1201 2098 omnis
1229 2067 1305 2106 135,
1325 2068 1346 2098 6
1372 2063 1425 2098 in-

166 2111 286 2146 felicis
311 2111 475 2156 parentis
499 2115 575 2153 154,
598 2115 686 2145 1—-2
714 2110 875 2145 absentis
901 2114 980 2151 363,
1001 2113 1022 2144 8
1043 2110 1083 2144 Β.
1125 2109 1319 2144 Manifeeto
1345 2110 1424 2144 solo

166 2157 310 2194 librarii
334 2169 452 2193 errore
484 2157 643 2201 factum,
675 2158 717 2191 ut
741 2158 753 2191 i
779 2158 817 2192 et
841 2168 860 2192 e
890 2157 1020 2191 literae
1044 2156 1356 2200 per-mutarentur,
1387 2156 1425 2190 id

169 2205 267 2249 quod
292 2203 502 2249 saepissime
528 2203 566 2238 in
592 2204 717 2238 codice
736 2203 768 2237 A
793 2201 1111 2247 deprehendimus,
1137 2201 1252 2237 veluti
1273 2200 1422 2236 inillis:

169 2251 363 2296 collegere,
383 2250 579 2293 demicare,
600 2250 789 2294 demissus,
810 2249 1036 2292 exestimare,
1057 2247 1216 2291 sterelis3
1235 2250 1425 2293 praeterea

1411 2414 1439 2440 0

1548 1964 1560 2180 .1‘Wh*m¹m—=..*·
1558 1946 1560 1950 .
1556 1912 1560 1923 ..
1558 1889 1560 1892 .
