1604 2488
242 99 328 141 232
723 95 1024 142 QUINTILIANI

244 207 309 248 est
345 206 611 248 innocentem
649 220 776 261 posse
817 206 1021 249 damnari.
1073 222 1160 251 non
1199 207 1312 251 enim
1351 207 1505 251 dieitur

244 267 489 318 corruptum
526 278 619 306 esse
654 265 878 319 iudicium,
914 279 1000 308 non
1030 269 1242 309 versatam
1271 267 1504 322 pecuniam.

243 322 305 364 ita
346 337 435 364 non
472 322 714 365 erubescis?
762 322 976 366 homicida
1011 324 1128 366 visus
1171 339 1227 367 es.
1291 327 1339 367 tu
1374 339 1502 379 porro

244 383 413 422 tantum
439 381 674 423 accusatori
698 381 924 424 irasceris?
953 396 1041 424 non
1064 382 1175 425 idem
1199 383 1251 425 de
1275 385 1319 426 te
1343 382 1503 425 iudices

198 449 218 479 5
246 438 497 481 senserunt?
526 453 613 482 non
645 440 836 482 omnium
867 441 1130 483 sententiae?

755 584 993 668 ccoilv.

587 716 686 769 Ego
717 716 781 770 te,
814 717 964 771 pater,
996 716 1160 760 occidi.

242 808 466 852 Parricidii
502 823 597 852 reus
636 810 811 864 paribus
850 811 1074 853 sententiis
1113 810 1334 853 absolutus
1364 810 1505 852 furere

361 868 501 922 eoepit
531 871 574 910 et
605 868 742 910 dicere
773 883 849 923 per
878 868 1065 912 furorem
1097 868 1358 924 frequenter:
1395 882 1504 924 »ego

176 936 219 967 10
360 930 416 980 te,
439 929 574 981 pater,
601 926 774 968 occidi<
800 927 1081 982 magistratus
1099 930 1320 982 tamquam
1340 926 1391 969 de
1411 941 1506 969 oon-

361 983 474 1026 fesso
509 984 765 1039 supplicium
797 985 989 1039 sumpsit.
1037 999 1133 1026 reus
1167 987 1232 1027 est
1263 984 1417 1027 caedis.

759 1133 986 1177 SERMO.

333 1225 376 1269 Si
408 1241 491 1280 qua
522 1229 655 1278 erunt,
688 1241 796 1281 quae
823 1241 847 1268 a
872 1241 939 1269 me
964 1227 1006 1268 in
1035 1226 1316 1270 divisionibus
1340 1229 1507 1270 contro—

243 1285 478 1327 versiarum
521 1284 716 1327 dicantur
762 1284 908 1327 eadem
950 1285 1230 1340 frequentius,
1266 1285 1508 1341 intellegite

175 1353 218 1385 15
243 1343 335 1386 fieri
365 1343 550 1397 primum
580 1346 753 1398 propter
783 1344 1069 1386 interventum
1098 1357 1324 1399 novorum3
1356 1343 1506 1386 deinde

242 1404 417 1456 propter
449 1401 739 1444 condicionem
769 1402 1032 1444 divisionum.
1073 1415 1173 1443 nam
1197 1401 1256 1456 hi,
1287 1401 1360 1457 qui
1382 1404 1508 1444 antea

242 1474 329 1502 non
366 1459 590 1502 audierunt
625 1459 888 1515 pertinentia
926 1459 979 1502 ad
1009 1460 1153 1515 plures
1185 1462 1508 1514 controversia,

245 1518 400 1559 debent
431 1531 702 1573 cognoscere:
741 1522 784 1560 et
822 1518 874 1560 ad
904 1519 1139 1572 praesentis
1170 1518 1374 1560 materiae
1407 1532 1505 1560 con-

243 1576 475 1617 troversias
510 1576 649 1630 <non>
679 1575 788 1618 nihil
820 1577 1015 1630 interest,
1047 1575 1258 1630 quomodo
1291 1589 1368 1631 ego
1402 1575 1506 1618 divi·

172 1643 218 1675 20
245 1647 383 1675 ser1m.

330 1714 412 1756 Est
437 1716 579 1755 autem
605 1728 821 1756 commune
847 1713 1003 1767 <huio>
1029 1727 1123 1755 oum
1143 1714 1237 1755 aliis
1263 1715 1507 1756 controver-

244 1772 318 1814 siis
345 1772 471 1814 huius
497 1772 701 1814 materiae
726 1772 842 1826 illud,
874 1771 986 1826 quod
1010 1785 1106 1813 reus
1132 1771 1423 1828 magistratus,
1455 1771 1506 1813 de

244 1831 362 1872 ouius
399 1844 605 1885 personae
646 1830 855 1884 dignitate
890 1829 996 1871 haee
1033 1829 1128 1884 ipsa
1162 1843 1230 1871 res
1269 1829 1376 1871 satis
1411 1843 1506 1884 pro—

243 1888 425 1931 nuntiat.
474 1888 640 1930 videtur
677 1888 806 1930 etiam
844 1888 894 1929 de
933 1890 1029 1929 ante
1067 1890 1162 1930 acta
1201 1887 1292 1929 vita
1321 1887 1508 1942 probari,

337 2018 357 2049 2
383 2015 609 2050 reversatam
634 2017 687 2048 Aa
705 2015 716 2058 ΙΙ
736 2018 756 2049 3
783 2013 996 2049 erubescitis
1022 2017 1074 2048 Aa.
1092 2015 1104 2058 fl
1125 2018 1143 2048 7
1170 2012 1289 2049 occidi
1312 2013 1506 2066 magistra-

241 2062 301 2095 tus
327 2064 380 2094 Aa
409 2062 421 2105 ΙΙ
451 2064 492 2095 16
517 2060 572 2095 1111
595 2063 625 2094 Δ
645 2062 656 2106 ΙΙ
677 2064 718 2095 17
745 2060 1027 2095 controversitas
1052 2063 1104 2094 Aa
1128 2061 1140 2103 ss
1167 2063 1303 2096 18—19
1327 2058 1506 2095 materiae

242 2107 336 2142 illud
363 2106 627 2143 controversias
651 2110 704 2141 Aa
734 2109 746 2152 Η
777 2111 818 2142 19
843 2106 970 2154 (non)
994 2106 1052 2142 Ro
1082 2107 1094 2151 ss
1125 2110 1167 2141 21
1195 2105 1395 2142 communis
1420 2117 1507 2141 eura

245 2153 502 2189 controversiis
532 2157 602 2196 Aa,
639 2153 843 2189 communis
874 2164 961 2188 cura
995 2152 1078 2188 aliis
1109 2151 1365 2188 controversiis
1394 2155 1504 2195 Ab&

242 2211 435 2236 commune
458 2211 540 2235 cum
560 2181 642 2235 asiis
661 2199 917 2235 controversiis
936 2199 1048 2241 Itan,-
1063 2200 1147 2235 hine
1165 2210 1357 2235 commune
1366 2197 1508 2246 (huic)

245 2258 326 2282 eum
351 2246 433 2282 aliis
458 2246 516 2282 Ro
534 2249 546 2291 ss
565 2250 609 2281 22
636 2257 749 2291 quoq.
775 2249 801 2280 B
822 2248 834 2291 n
853 2250 896 2281 23
921 2257 979 2281 res
1004 2257 1068 2282 om.
1094 2248 1120 2280 B
