1604 2488
427 119 855 157 DECLAMATIONES.
882 117 1071 155 CCCXXI.
1307 118 1392 162 261

103 230 197 273 sine
228 230 421 273 lacrimis
447 229 642 273 fuerunt:
673 230 797 272 nulla
819 228 1044 285 parricidii
1070 229 1261 284 suspicio
1287 231 1398 272 tem-

99 303 212 346 pore
241 290 337 343 illo,
376 304 461 346 quo
499 290 642 332 minus
681 289 950 332 amabamus.
1010 303 1099 331 non
1130 291 1281 332 tamen
1312 290 1398 333 ista

102 349 246 393 nostri
290 349 426 392 animi
462 349 592 405 culpa
627 348 732 404 fuit,
773 349 998 404 1113101110
1038 349 1192 391 vitium
1224 352 1291 392 est
1321 349 1398 391 hu-

102 423 257 452 manae
294 410 456 452 mentis
487 409 626 451 nimia
663 408 890 464 cupiditas.
952 408 1000 450 hi
1032 411 1151 460 sunt,
1192 409 1267 464 qui
1300 423 1397 451 con-

101 468 273 512 iunctos
319 471 525 524 separant
562 469 747 524 animos,
792 469 866 524 qui
904 482 1098 510 summae
1142 468 1398 512 concordiae
1423 477 1444 510 5

99 528 220 571 virus
266 543 392 571 suum
439 529 738 584 interponunt,
782 528 857 584 qui
898 527 1163 570 hereditates
1207 530 1399 584 captant,

103 588 177 644 qui
219 602 264 630 se
305 588 581 631 testamentis
624 591 800 643 parant:
845 588 919 644 qui
955 587 1020 630 ita
1058 587 1231 630 demum
1275 602 1398 644 spem

103 647 295 704 aliquam
335 648 382 690 in
425 650 650 704 posterum
693 648 808 690 vitae
850 648 1032 702 habent,
1078 648 1114 690 si
1152 662 1244 703 (308,
1288 661 1398 704 quos

102 708 265 750 amicos
293 707 632 763 appellaverunt,
665 707 902 750 carissimis
927 707 1187 763 pignoribus
1212 706 1398 750 abduxe-

97 766 199 809 rint.
232 767 328 822 quis
354 767 509 810 fecerit
533 767 645 809 illud
671 767 786 810 inter
804 782 898 821 noe,
919 767 980 810 sic
1000 767 1214 823 quaerite:
1233 765 1397 821 n<um>
1426 776 1471 809 10

100 825 238 868 ullam
270 826 360 869 iste·
383 841 505 882 spem
535 826 791 869 hereditatis
822 827 1060 879 habuisset,
1093 827 1129 868 si
1160 841 1400 882 numquam

102 885 453 929 dissedissemus?
502 886 586 929 hoc
625 886 763 942 igitur
794 887 983 943 primum
1018 886 1157 928 veluti
1188 886 1401 928 mentium

103 945 324 1002 animique
354 946 561 1000 temptati
600 960 764 988 veneno
798 961 958 988 sumus.
1026 946 1100 988 sed
1133 945 1193 987 dii
1225 946 1400 988 melius:

100 1018 239 1060 neque
271 1004 453 1060 longum
485 1005 601 1047 istud
633 1004 718 1047 fuit
749 1020 888 1061 neque
918 1004 1154 1061 quidquam
1181 1020 1232 1048 ex
1259 1019 1309 1048 eo
1337 1019 1400 1046 se-

100 1066 250 1106 cutum
283 1066 363 1120 est,
395 1064 511 1120 quod
545 1065 764 1107 emendari
794 1079 884 1108 non
914 1065 1074 1120 possit:
1106 1064 1264 1107 divisio
1292 1065 1399 1119 sola,
1427 1074 1470 1106 15

100 1125 150 1165 ut
181 1123 332 1166 sciatis
364 1125 433 1166 cui
465 1123 589 1167 heres
623 1124 699 1181 sit3
733 1124 808 1167 sed
839 1126 994 1180 postea
1021 1122 1157 1180 (quod
1183 1124 1291 1167 satis
1312 1123 1399 1181 est)

103 1183 247 1238 gratia
291 1185 335 1225 et
370 1198 520 1226 rursus
560 1184 700 1227 solida
737 1184 1007 1239 fraternitas,
1046 1184 1180 1226 immo
1223 1184 1400 1226 hercule

103 1241 244 1284 maior
276 1242 497 1298 artiorque
530 1244 777 1287 coniunctio
809 1246 912 1299 post
942 1243 1273 1299 paenitentiam.
1331 1257 1401 1285 110-

102 1301 246 1343 sciunt
283 1301 501 1356 homines,
546 1306 756 1358 quantum
794 1303 898 1346 boni
936 1302 1190 1345 fraternitas
1227 1302 1402 1358 habeat,

102 1361 178 1416 qui
206 1375 446 1417 numquam
472 1362 758 1405 dissederunt.
802 1365 852 1405 ut
877 1362 1046 1406 dulcius
1073 1376 1273 1404 serenum
1298 1366 1402 1417 post
1426 1372 1473 1404 20

102 1422 387 1475 tempestates
440 1424 529 1476 est,
585 1422 648 1464 ita
698 1423 864 1465 nostris
909 1421 1066 1464 animis
1110 1421 1312 1465 laceratis
1358 1424 1402 1463 et

102 1479 221 1522 domi
268 1481 495 1536 castigatis
534 1481 656 1524 velut
693 1484 847 1537 portus
885 1482 962 1523 1110
1001 1481 1294 1523 fraternitatis
1332 1495 1400 1524 oc·

100 1539 248 1582 currit.
311 1540 566 1594 amabamus
600 1541 733 1583 etiam
765 1542 810 1583 in
841 1540 1150 1597 praeteritum,
1181 1555 1262 1583 nec
1294 1541 1401 1583 cari-

98 1601 167 1641 tas
193 1598 279 1641 fuit
302 1599 398 1654 illa,
432 1600 505 1643 sed
531 1600 717 1643 invicem
744 1601 1000 1643 satisfactio.
1036 1600 1292 1656 utinamque
1317 1599 1401 1643 hoc

99 1672 188 1700 non
218 1659 383 1714 palam,
413 1674 502 1702 non
533 1660 765 1703 manifeste
796 1661 1068 1715 fecissemus,
1098 1662 1149 1702 ut
1179 1659 1399 1703 videretur
1425 1669 1471 1701 25

96 1717 235 1760 frater
273 1733 395 1761 meus
435 1719 560 1762 nullo
604 1719 734 1763 modo
779 1722 1027 1763 mutaturus
1070 1722 1400 1763 testamentum.

185 1775 405 1820 Personae
444 1779 580 1835 igitur
611 1780 735 1822 nullo
766 1779 895 1822 modo
928 1781 1256 1834 comparantur:
1297 1779 1399 1822 alie—

96 1850 178 1879 nus
211 1839 256 1879 et
285 1837 434 1880 frater.
493 1853 760 1894 supervacua
802 1840 968 1882 mentio
1002 1839 1261 1895 discordiae,
1303 1853 1401 1882 cum

198 1992 215 2024 1
245 1986 279 2034 3·
306 1990 350 2024 in
374 2000 489 2035 marg).
516 1993 547 2024 A
575 1991 701 2035 112-3
728 2001 805 2026 11011
828 1991 903 2026 ista
927 2003 963 2026 n.
984 2002 1017 2028 a.
1038 2002 1067 2026 c.
1094 1993 1224 2027 tamen
1248 1991 1274 2027 f.
1298 1995 1325 2025 P
1343 1993 1355 2038 ΙΙ
1375 1994 1396 2027 5

99 2039 257 2082 sperant
280 2039 308 2071 B
328 2038 340 2083 ΙΙ
359 2041 380 2072 9
407 2037 588 2073 animicos
614 2040 668 2072 Aa
687 2040 699 2084 1]
718 2041 999 2084 apparaverunt
1030 2041 1057 2073 B
1077 2039 1089 2083 ΙΙ
1120 2039 1398 2085 pignoribus

97 2086 128 2119 A
178 2084 416 2121 abduxerunt
440 2087 467 2119 B
494 2086 506 2131 ΙΙ
533 2089 671 2121 10--11
699 2085 974 2134 n<um)ullam
1000 2086 1059 2122 Ro
1085 2087 1097 2131 ss
1131 2090 1174 2122 11
1201 2086 1268 2122 isti
1291 2089 1359 2121 AB
1388 2088 1397 2133 Ὶξ

98 2132 150 2167 ha
175 2132 323 2170 uissent
346 2135 374 2167 B
410 2133 424 2178 n
463 2136 506 2168 12
535 2132 761 2168 dissidemus
783 2136 863 2178 AB,
890 2144 981 2170 corr.
1010 2135 1087 2170 Aer
1118 2134 1130 2179 ΙΙ
1163 2138 1208 2170 13
1232 2146 1397 2170 venerios

95 2180 124 2214 Β
153 2179 167 2225 ΙΙ
198 2184 243 2217 17
276 2181 378 2216 laus
409 2180 821 2217 reconciliationis
845 2182 891 2217 in
916 2181 1151 2217 fratribus
1177 2185 1207 2216 A
1239 2182 1251 2228 ΙΙ
1281 2182 1398 2217 11111110

96 2226 180 2263 laus
205 2227 528 2265 reconciliationis
554 2228 594 2263 in
620 2228 799 2264 fratribus
823 2229 977 2266 hercule
997 2232 1024 2263 Β
1044 2230 1057 2275 ΙΙ
1077 2233 1122 2265 18
1149 2230 1336 2275 altiorque
1353 2232 1395 2274 A,

97 2275 308 2321 arctiorque
333 2278 362 2310 B
381 2275 393 2321 ΙΙ
412 2279 458 2311 20
485 2275 714 2311 dissiderunt
737 2279 824 2321 AB,
863 2276 1081 2313 diffiderunt
1105 2279 1226 2323 1’1121
1252 2279 1397 2322 tempe-

102 2323 238 2358 statem
263 2325 291 2357 B
311 2323 323 2368 u
343 2326 485 2359 21—22
513 2323 580 2359 *et
605 2324 733 2360 dolore
761 2326 851 2360 cast.
881 2324 928 2371 (Ρ)
1116 2361 1119 2363 .
