1604 2488
521 105 951 144 DECLAMATIONES.
978 104 1094 142 CCCL
1372 104 1455 147 187

166 216 280 260 unde
313 216 430 259 em‘m
461 217 587 260 nobis
621 216 826 259 adversus
857 215 991 258 istum
1018 217 1167 258 tantos
1195 214 1376 269 animos,
1408 219 1457 257 ut

167 275 515 319 vindicaremus?
578 275 794 332 quomodo
839 274 951 317 hanc
989 274 1199 317 invidiam
1239 274 1456 330 potuisset

166 335 279 378 ferre
310 338 570 391 paupertas,
604 336 642 378 si
674 334 866 378 occidere
898 334 990 376 filia
1021 348 1119 376 mea
1150 334 1360 376 voluisset
1392 334 1454 376 iu-

167 409 320 438 venem
351 395 466 438 inter
496 395 715 450 principes
748 393 967 437 civitatis?
1020 408 1109 436 non
1140 395 1289 436 tamen
1319 408 1454 449 usque

165 468 210 498 eo
240 453 334 508 hoc,
364 454 539 510 iudices,
571 454 701 510 valet,
732 456 781 496 ut
811 468 902 496 non
933 452 1124 496 dederim
1155 453 1424 496 beneficium.
1481 463 1502 495 5

256 513 344 557 Ubi
392 528 494 570 ergo
544 513 892 568 circumscriptio
938 512 1033 555 est?
1109 527 1239 568 quam
1282 512 1455 580 quidem

165 573 308 629 legem
359 573 548 616 arbitror
597 575 775 628 propter
825 587 898 615 eos
946 572 1134 614 maxime
1176 572 1330 626 latam,
1382 572 1455 627 qui

164 632 280 676 circa
322 632 516 675 forenses
559 632 740 675 insidias
785 631 975 687 aliquem
1020 631 1182 687 scripto
1231 631 1454 674 callidiore

166 692 394 748 cepissent.
450 694 641 735 ceterum
672 694 721 734 ut
752 691 925 747 longius
957 691 1260 745 interpretatio
1294 690 1454 746 veniat,

165 765 254 794 non
285 753 434 794 tamen
465 752 548 794 erit
575 751 765 807 dubium,
797 750 1243 806 circumscriptionem
1269 765 1363 792 esse
1390 751 1452 792 in·
1483 760 1524 792 10

166 810 415 854 evitabilem
446 810 653 866 fraudem,
685 810 730 853 id
762 813 840 865 est,
871 810 915 852 in
948 825 1033 865 qua
1064 809 1230 852 factum
1264 810 1354 852 eius
1382 809 1454 852 de-

166 884 287 913 mum
313 870 581 925 aestimetur,
613 870 688 926 qui
720 871 958 913 accusatur.
990 869 1166 924 singula
1194 883 1297 925 ergo
1325 869 1453 911 aesti-

166 943 345 972 memus.
377 928 565 972 Invitavi
584 930 638 972 ad
658 944 810 972 cenam
824 953 874 959 -
889 943 999 984 quae
1017 928 1089 970 hie
1110 928 1452 984 circumscriptio

166 988 264 1032 est?
300 1013 350 1019 —-
384 1003 550 1044 pauper
580 988 772 1032 divitem.
834 988 1009 1031 venisti:
1043 1001 1126 1044 ago
1159 988 1345 1043 gratias3
1378 987 1453 1030 ha-

166 1047 301 1090 buisti
336 1047 548 1091 honorem
586 1049 630 1090 et
667 1047 776 1090 illud
822 1047 986 1090 humile
1024 1047 1157 1089 limen
1194 1046 1371 1089 intrasti
1410 1049 1453 1089 et
1483 1058 1524 1090 15

166 1106 297 1150 adisti
341 1122 554 1163 mensam,
604 1108 657 1150 ad
708 1122 838 1164 quam
881 1121 980 1149 cum
1024 1106 1170 1149 venire
1218 1107 1451 1162 coepimus,

164 1166 267 1210 deos
305 1167 672 1222 invoca<vi>mus.
726 1169 754 1220 †
774 1166 938 1223 alioqui
974 1167 1042 1209 ius
1080 1166 1124 1208 in
1156 1181 1224 1208 me
1256 1165 1454 1208 humani-

164 1225 270 1268 tatis
291 1227 319 1279 †
363 1228 430 1268 est
480 1229 632 1270 nostra
680 1225 931 1282 frugalitas,
981 1240 1088 1281 quae
1134 1225 1256 1268 vobis
1303 1225 1453 1280 utique

164 1284 284 1327 velut
332 1285 611 1328 refectionem
662 1285 878 1341 quandam
928 1287 971 1327 et
1022 1285 1211 1340 quietem
1260 1284 1452 1339 praebet.

164 1343 278 1386 inter
309 1347 476 1387 vestras
509 1359 680 1400 quoque
706 1345 855 1400 epulas
880 1359 970 1386 non
996 1358 1165 1399 semper
1189 1344 1267 1385 illa
1290 1358 1452 1399 ponuu-
1479 1354 1523 1386 20

164 1405 238 1446 tur
268 1403 510 1460 peregrinis
536 1405 675 1459 petita
707 1419 732 1446 a
757 1404 959 1446 litoribus
981 1406 1024 1445 ct
1045 1403 1185 1445 silvis:
1218 1402 1451 1458 aliquando

165 1462 274 1505 haec
312 1463 434 1519 vilia,
479 1478 589 1519 quae
626 1477 724 1505 rure
768 1463 1017 1518 mittuntur,
1062 1462 1298 1517 adhibetis,
1343 1475 1451 1517 quae

165 1536 309 1565 emere
345 1537 426 1565 nos
463 1537 678 1578 pauperes
716 1536 960 1578 possumus.
1014 1522 1178 1564 cenasti
1209 1523 1358 1564 tamen
1389 1521 1452 1563 hi-

166 1581 289 1637 laris,
335 1585 396 1637 et,
439 1585 488 1624 ut
511 1582 597 1624 ‘vis
641 1582 795 1637 videri,
840 1581 973 1623 etiam
1017 1581 1241 1624 liberalius
1286 1580 1452 1623 bibisti.

164 1655 299 1696 quare
329 1643 479 1684 tamen
509 1640 722 1684 invitavi?
770 1641 977 1698 quoniam
1007 1640 1292 1696 promerenda
1323 1639 1450 1682 nobis
1478 1651 1522 1683 25

165 1702 232 1743 est
274 1702 421 1743 vestra
463 1700 672 1756 potentia.
740 1700 778 1743 si
821 1701 894 1756 qui
938 1714 1006 1742 me
1052 1700 1280 1743 detulisset
1319 1713 1452 1754 reum,

164 1759 431 1815 defenderes3
464 1761 502 1802 si
533 1775 664 1816 quam
694 1759 901 1802 iniuriam
933 1760 1143 1814 timerem,
1175 1773 1380 1816 rogarem
1409 1761 1452 1800 te

164 1833 238 1874 per
274 1820 340 1863 ius
379 1834 554 1863 mensae
594 1819 849 1863 communis.
904 1834 991 1862 non
1026 1822 1091 1862 est
1123 1819 1261 1874 igitur
1292 1818 1339 1861 in
1370 1818 1453 1861 hoc

165 1879 519 1936 circumscriptio,
551 1879 666 1935 quod
699 1879 752 1922 ad
778 1893 929 1922 cenam
954 1878 1149 1921 invitavi.
1194 1881 1338 1921 cetera
1370 1877 1452 1920 uti-

261 2023 282 2056 5
306 2020 347 2056 in
373 2023 454 2065 ΔΒ,
481 2031 574 2056 corr.
601 2019 659 2055 Ro
684 2021 696 2065 Η
721 2019 791 2055 hoc
818 2030 885 2054 om.
911 2022 937 2053 P
962 2020 974 2065 {l
999 2018 1178 2054 beneficio
1204 2019 1262 2063 ΒΗ
1283 2021 1303 2053 6
1330 2018 1395 2053 ubi
1421 2028 1451 2053 e

163 2067 250 2104 circ.
277 2078 343 2104 om.
370 2071 398 2102 B
423 2069 435 2114 ΙΙ
462 2071 483 2104 8
510 2067 703 2103 callidiore
730 2077 796 2102 om.
823 2069 850 2100 B
870 2067 882 2111 ΙΙ
908 2070 928 2102 9
955 2066 1192 2112 decepissent
1217 2065 1276 2101 Ro
1296 2067 1307 2111 ΙΙ
1327 2065 1454 2101 veniet

163 2118 194 2150 Δ
212 2116 225 2161 ΙΙ
252 2119 295 2151 10
322 2111 395 2162 ῑᾋδ
423 2116 479 2160 (in
504 2116 633 2160 mary.)
660 2117 691 2149 A
708 2115 721 2160 ss
742 2118 784 2149 12
812 2114 1046 2150 existimetur
1070 2117 1097 2148 B
1117 2115 1128 2160 ῙΙ
1150 2117 1194 2148 14
1219 2115 1276 2149 est
1301 2125 1367 2150 om
1395 2116 1421 2147 B
1442 2113 1453 2159 ΙΙ

166 2167 207 2198 17
235 2161 572 2210 *invoca<vi>mus
592 2164 604 2209 [Ι
624 2174 675 2198 in
695 2172 754 2197 me
773 2164 812 2206 Β,
838 2173 898 2196 1116
918 2165 961 2204 Ρς
987 2162 1035 2197 al.
1057 2172 1222 2197 summae
1242 2161 1343 2196 hum.
1365 2160 1423 2196 Ro
1451 2190 1452 2196 ,

165 2213 210 2246 18
232 2209 420 2257 fragilitas
446 2213 478 2244 Δ
500 2212 511 2258 ΙΙ
535 2210 666 2255 ntique
691 2219 787 2254 quae
813 2211 876 2243 ΔΒ
902 2210 913 2255 ΙΙ
938 2213 983 2244 21
1010 2221 1032 2245 a
1057 2219 1122 2245 om.
1148 2211 1235 2243 Abn
1261 2210 1272 2254 ΙΙ
1299 2212 1343 2244 22
1370 2206 1452 2244 rflre

164 2259 234 2301 Aa,
266 2268 347 2294 rare
371 2261 398 2292 1²
417 2259 429 2303 ΙΙ
448 2261 493 2294 23
520 2256 615 2306 (et)
639 2268 706 2292 nos
731 2256 790 2292 Ro
807 2257 820 2302 Ι]
839 2259 987 2292 23-24
1013 2256 1154 2301 hylaris
1179 2258 1223 2292 ut
1246 2269 1279 2292 v.
1307 2259 1384 2290 B—

164 2308 208 2340 27
240 2300 430 2351 rogassein
462 2308 492 2339 Δ
522 2306 534 2351 ΙΙ
565 2308 610 2341 28
636 2304 738 2350 prius
764 2306 841 2349 ΔΒ,
868 2315 961 2341 corr.
990 2303 1042 2340 Pi
