1560 2462
634 94 924 132 PRAEFATIO.
1353 95 1421 132 XV

135 196 328 248 squalidis
359 209 406 236 ac
430 197 536 235 carie
557 196 716 245 obsitis,
747 197 887 245 utpote
906 209 1034 246 nuper
1054 209 1075 235 e
1100 197 1310 236 ruderibus
1338 210 1426 236 eru-

133 263 206 314 tis,
249 274 351 313 quac
392 274 440 300 ex
476 262 591 300 unico
637 261 856 312 exemplari
898 261 1110 300 emendare
1150 262 1424 312 desperarem:

134 327 259 367 malui
288 328 336 365 ut
367 327 676 377 qualescumque
713 327 850 366 essent
868 355 878 365 .
898 355 907 364 .
931 325 975 364 in
1011 326 1141 365 lucem
1177 327 1423 376 postliminio

134 392 331 441 redirent,
369 404 490 442 quam
527 405 552 431 a
582 392 723 443 tineis,
761 393 808 430 ut
837 391 964 430 maior
996 403 1134 430 eorum
1165 405 1259 442 pars
1289 387 1423 445 (intel-

133 458 234 508 legit
277 456 491 496 manifesto
528 458 704 507 priorem
746 456 875 507 illam,
925 456 1039 495 decll.
1085 459 1255 496 1—252
1302 458 1425 497 conti-

133 517 316 574 nentem)
354 522 669 561 corroderentur.
736 521 931 560 Confusas
971 523 1107 560 tamen
1144 525 1264 561 antea
1300 523 1425 573 leges,

134 589 391 638 argumenta,
424 587 749 638 declamationes,
787 599 989 626 sermones
1011 618 1018 626 .
1040 616 1050 626 .
1082 588 1356 637 separavimus
1383 591 1424 627 et

133 653 176 692 in
211 651 427 703 pristinam
457 652 627 691 formam
656 652 839 702 redigere
871 652 1110 692 curavimus.
1169 652 1422 692 Correximus

136 717 261 757 etiam
278 717 470 756 nonnulla.
489 718 745 757 librariorum
763 717 874 766 vitia,
900 719 1127 767 temporum
1149 730 1424 768 nequaquam:

134 783 265 822 multa
307 783 460 821 intacta
505 783 728 831 omisimus,
778 795 828 821 ne
871 782 976 821 forte
1019 783 1148 833 magis
1189 783 1425 832 depravare-

133 859 224 887 mus
234 842 315 902 *).“
375 847 450 885 His
483 860 531 886 ex
560 847 695 886 verbis
738 847 1007 898 colligendum
1043 848 1204 887 videtur
1236 849 1287 886 ad
1320 861 1424 886 sum-

133 924 242 951 mam
272 911 576 951 similitudinem
608 925 797 962 expressa
837 913 878 951 in
916 913 1123 952 Parmensi
1161 926 1232 952 nos
1275 914 1423 952 habere

133 977 398 1018 vetustissimi
439 977 607 1015 alicuius
646 977 790 1016 codicis
827 980 962 1017 verba.
1023 979 1081 1016 At
1118 978 1421 1028 inspicientibus

135 1043 395 1082 Parmensem
425 1042 526 1080 illud
559 1042 674 1080 facile
707 1045 886 1092 apparet,
917 1043 1079 1082 fluxisse
1112 1057 1159 1082 ex
1190 1043 1422 1082 recentioris

137 1107 284 1147 aetatis
332 1106 464 1145 codice
505 1106 557 1154 Β,
606 1107 707 1145 nihil
749 1109 881 1146 minus
926 1121 1046 1158 quam
1089 1121 1266 1158 corroso,
1318 1108 1422 1147 carie

137 1166 358 1225 obsito**).
410 1170 532 1210 Cuius
558 1173 617 1210 rei
642 1175 881 1223 argumenta
906 1187 953 1212 ex
978 1174 1117 1212 multis
1143 1186 1271 1223 pauca
1298 1187 1423 1224 eaque

133 1237 382 1291 gravissima*
405 1236 606 1276 sufficiant
638 1238 748 1278 haec.
811 1238 998 1278 Scribunt
1029 1240 1122 1278 libri

132 1317 171 1354 p.
206 1303 309 1351 153,
344 1302 396 1340 18
429 1302 499 1340 1110
530 1302 668 1341 fratris
699 1304 825 1343 vitam
856 1305 958 1354 petit
990 1305 1041 1351 B,
1072 1305 1141 1343 illo
1173 1304 1220 1342 fr.
1253 1318 1288 1343 v:
1321 1318 1358 1354 p.
1390 1304 1422 1342 P

132 1381 170 1418 p.
206 1367 302 1415 165,
337 1368 389 1405 12
422 1367 532 1406 nullo
563 1371 652 1406 1111'0
684 1368 731 1416 Β,
761 1369 872 1406 nullo
904 1369 989 1407 viro
1016 1369 1048 1406 P

133 1446 171 1483 p.
206 1433 308 1483 163,
342 1433 394 1470 19
428 1432 561 1480 potuis
585 1427 589 1484 1
613 1445 655 1471 se
700 1427 845 1486 (fracto
893 1433 1013 1472 verbo
1058 1434 1187 1472 medio
1234 1435 1275 1472 in
1313 1434 1422 1473 exitu

255 1508 413 1545 versuS,
457 1508 575 1545 quem
618 1497 682 1536 hic
726 1498 766 1536 et
809 1498 850 1536 in
890 1498 1192 1547 insequentibus
1232 1500 1422 1548 exemplis

256 1561 431 1600 indicare
462 1562 550 1600 vult
580 1562 653 1600 illa
683 1562 790 1601 linea
822 1558 1054 1616 dividensl)
1086 1564 1132 1615 B,
1162 1564 1295 1613 potius
1323 1577 1365 1603 se
1390 1564 1422 1602 P

233 1675 267 1720 *)
293 1674 349 1709 Re
382 1674 466 1719 ipsa
490 1672 673 1718 Ugoletus
699 1675 819 1710 multa
843 1675 883 1710 in
909 1675 1072 1712 deterius
1098 1676 1230 1721 vertit,
1263 1677 1424 1713 correxit

135 1721 274 1768 oppido
299 1732 434 1767 pauca.

208 1769 264 1814 **)
293 1768 400 1812 Quod
427 1767 460 1803 si
478 1768 526 1803 ab
546 1768 655 1805 initio
675 1772 818 1806 certum
838 1772 1150 1816 perspectumque
1170 1771 1263 1806 mihi
1282 1771 1422 1817 fuisset,

134 1816 232 1852 nihil
266 1827 376 1852 curae
407 1815 623 1852 habuissem
654 1817 692 1852 in
719 1819 943 1863 apparatum
969 1819 1061 1863 quid
1083 1819 1251 1855 traderet
1274 1819 1304 1853 P
1328 1821 1422 1855 reci-

134 1875 235 1910 pere.
286 1862 460 1899 Ceterum
487 1863 518 1898 si
543 1864 705 1908 pendere
731 1864 934 1900 editionem
955 1865 984 1900 P
1011 1877 1034 1901 a
1059 1866 1186 1902 codice
1207 1866 1237 1900 B
1258 1866 1422 1903 evictum

134 1912 209 1954 est,
244 1910 340 1946 illud
372 1909 485 1945 simul
516 1912 677 1954 certum,
710 1913 890 1957 scriptum
923 1913 1024 1948 hunc
1051 1913 1218 1949 codicem
1244 1925 1324 1950 esse
1349 1926 1424 1950 non

133 1959 223 2040 §pst
246 1968 386 1993 annum
408 1961 500 1993 1494
527 1959 615 2003 (quo
642 1960 699 1994 est
724 1959 825 1995 sacta
850 1959 992 2005 editio).
1030 1960 1156 1996 Etiam
1181 1961 1221 1996 in
1248 1963 1422 2008 catalogo

175 2004 351 2041 onacensi
369 2003 456 2039 XV⁰
477 2007 624 2041 saeculo
645 2006 765 2042 datur.
803 2007 875 2042 Sed
896 2007 1160 2043 Laubmannus
1180 2010 1219 2043 et
1237 2008 1420 2054 Meyerus,

134 2063 246 2098 quem
276 2051 359 2097 ipse
391 2051 437 2087 de
470 2063 539 2087 sua
564 2054 750 2089 sententia
774 2054 1021 2101 interrogavi,
1052 2055 1157 2090 XVI⁰
1181 2056 1306 2101 potius
1332 2057 1422 2092 dare

134 2099 323 2136 volebant.
374 2098 515 2135 Tamen
549 2111 633 2135 cum
666 2101 823 2147 scriptor
856 2113 1007 2147 operam
1037 2101 1236 2139 manifesto
1263 2103 1421 2149 dederit,

134 2148 179 2183 ut
203 2157 316 2192 quam
342 2145 628 2191 diligentissime
656 2149 694 2183 et
719 2148 768 2184 ad
792 2149 914 2194 ipsam
938 2151 1110 2195 regulam
1135 2151 1361 2186 exscriberet
1378 2151 1421 2186 li·

133 2195 251 2238 teras,
283 2204 360 2229 non
392 2205 500 2248 posse
533 2195 579 2230 de
610 2196 780 2241 tempore
806 2196 898 2232 satis
924 2198 1025 2233 certo
1051 2197 1211 2233 iudicari
1237 2199 1423 2234 concessit

133 2251 255 2286 neque
288 2252 481 2286 perpenms
522 2242 575 2278 eis
615 2254 711 2288 quae
742 2244 921 2289 proposui
953 2245 1182 2290 argumentis
1216 2246 1421 2290 quidquam

134 2287 272 2334 reliqui
296 2287 474 2333 futurum,
501 2300 613 2334 quam
639 2292 682 2326 ut
707 2291 908 2326 accedatur
934 2292 1118 2337 catalogo.
