1604 2488
204 750 247 781 10

203 1039 246 1070 15

201 1329 245 1360 20

201 1618 244 1650 25

273 113 358 155 308
753 113 1055 156 QUINTILIANI

273 219 386 274 quod
417 219 470 260 ad
494 233 561 260 me
586 219 784 274 pertinet,
816 220 963 274 aperui
987 222 1134 274 pectus
1160 222 1203 262 et
1227 221 1529 263 conscientiam

270 277 432 331 protuli
464 279 517 330 et,
550 291 632 330 qua
662 292 801 319 rerum
826 280 980 319 natura
1004 278 1177 332 patitur,
1207 278 1368 321 viscera
1393 294 1528 334 paene

271 348 367 375 mea
409 334 453 375 in
492 337 719 389 conspectu
759 337 900 377 vestro
942 338 1050 377 sunt.
1107 336 1188 377 iste
1230 335 1352 378 heres
1394 337 1530 380 adhue

270 406 359 433 non
391 392 576 434 ostendit
605 394 921 434 testamentum.

361 448 442 492 Sed
475 451 561 492 scio
591 465 677 492 non
708 465 800 492 esse
830 451 1068 505 praesentis
1093 452 1301 506 temporis
1325 452 1530 507 discepta-

271 508 443 562 tionem,
474 511 569 550 uter
599 511 824 550 mereatur.
857 508 959 550 satis
987 509 1098 551 enim
1123 510 1317 552 voluntas
1344 510 1531 552 defuncti

273 566 579 620 comprehensa
608 567 766 608 tabulis
799 569 877 608 est.
938 567 1162 609 institutus
1193 581 1236 609 es
1267 568 1406 622 primo
1435 569 1529 610 loco

270 623 406 666 heres.
453 638 541 666 non
569 624 679 666 facio
710 623 792 665 tibi
822 625 947 666 istius
979 624 1154 666 honoris
1181 627 1531 668 controversiam:

274 683 492 735 quaeritur
521 682 666 736 hodie,
707 682 806 736 quid
838 682 990 724 debeas
1021 682 1139 725 1111111
1187 683 1223 724 si
1253 683 1406 726 iudicia
1437 697 1532 726 mea

273 739 473 781 adversus
506 740 689 782 amicum
719 740 831 781 intra
862 741 1054 806 legatum
1080 741 1311 795 stetissent,
1341 741 1532 796 legatum

273 812 298 839 a
328 799 370 839 te
400 800 650 851 repeterem
697 798 896 840 heredem
927 799 1115 840 omnium
1145 799 1354 841 bonorum
1383 799 1532 841 habui:

270 855 353 898 hoc
383 859 433 897 ut
464 856 544 897 sim
574 856 756 910 postulo.
787 858 835 898 ut
860 857 1065 910 scriptum
1089 871 1176 899 non
1207 859 1330 912 esset,
1360 856 1530 908 iudices,

270 913 463 967 iniquum
489 916 582 955 erat
607 914 749 955 offerri
774 915 880 955 mihi
904 917 1110 968 quantum
1134 914 1283 969 habeo,
1312 917 1531 969 tamquam

271 971 327 1025 is,
364 971 436 1026 qui
468 971 688 1013 defunctus
721 974 801 1022 est,
839 972 931 1013 dari
961 972 1069 1013 mihi
1099 972 1288 1027 iusserit,
1327 974 1532 1027 quantum

271 1042 351 1084 ego
388 1029 453 1069 illi
490 1029 588 1071 dare
625 1043 807 1083 possem.
867 1030 1019 1084 ingens
1057 1032 1199 1071 autem
1229 1030 1382 1072 horum
1412 1029 1530 1072 diffe-

269 1087 408 1128 rentia
439 1089 520 1128 est:
563 1087 606 1128 id
637 1087 743 1128 mihi
775 1087 866 1128 dari
896 1087 1037 1140 iussit,
1082 1088 1194 1142 quod
1226 1100 1306 1142 ego
1337 1087 1403 1129 illi
1433 1102 1528 1130 meo

269 1147 528 1187 testamento
562 1145 716 1186 darem.
764 1159 851 1187 non
880 1144 1012 1186 habet
1036 1145 1082 1186 in
1107 1145 1188 1187 hoc
1213 1145 1529 1199 interpretatio-

269 1216 368 1244 nem
399 1202 569 1244 modus:
602 1204 808 1256 quantum
832 1202 1084 1255 pensatione
1109 1204 1289 1256 constet,
1318 1203 1534 1245 numerari

270 1262 414 1314 potest
472 1262 514 1301 et
555 1261 706 1314 recipit
749 1260 1124 1314 comparationem.
1197 1261 1304 1315 quod
1347 1259 1534 1316 reliquit,

271 1320 478 1372 quantum
507 1318 601 1359 fieri
631 1320 784 1372 potest,
816 1318 906 1359 dari
940 1318 1084 1359 voluit.
1122 1318 1269 1360 eadem
1293 1318 1356 1360 rei
1381 1321 1534 1361 natura

271 1379 347 1418 est.
396 1377 550 1442 itaque·
573 1377 609 1417 si
639 1376 706 1417 illi
735 1376 958 1430 pecuniam
993 1378 1247 1418 testamento
1273 1390 1367 1418 meo
1393 1377 1528 1431 legas-

271 1448 372 1489 sem,
402 1434 625 1501 pecuniam
656 1437 855 1488 peterem,
885 1447 962 1475 nec
994 1434 1148 1476 ferrem
1178 1436 1220 1475 te
1253 1434 1426 1476 dantem
1449 1449 1527 1500 pro

269 1493 448 1547 pecunia
487 1492 666 1547 aliquid,
704 1491 817 1546 quod
853 1494 964 1533 esset
994 1492 1257 1534 tantundem.
1307 1493 1343 1534 si
1374 1493 1531 1535 manci-

269 1551 387 1604 pium
417 1551 701 1605 reliquissem,
737 1550 996 1603 mancipium
1035 1550 1228 1604 deberes,
1266 1564 1344 1592 nec
1375 1550 1534 1592 diceres

270 1607 393 1650 mihi:
424 1609 614 1663 »accipe,
650 1609 800 1662 quanti
828 1608 944 1649 istud
975 1610 1050 1651 est.
1057 1621 1078 1647 <<
1125 1608 1169 1650 id
1200 1608 1293 1650 dari
1323 1608 1466 1650 1111111
1453 1622 1536 1650 lus-

271 1666 347 1720 sit,
384 1666 496 1720 quod
536 1679 615 1720 ego
652 1666 719 1707 1111
751 1666 905 1707 darem.
956 1666 1057 1719 quid
1094 1679 1174 1720 ego
1207 1668 1349 1708 autem
1379 1666 1535 1708 dabam

269 1724 362 1765 illi‘?
412 1724 707 1765 hereditatem.
767 1723 868 1777 quid
903 1722 1034 1776 peto?
1082 1723 1374 1765 hereditatem.
1434 1723 1534 1778 quid

271 1781 451 1836 scripsi?
506 1782 618 1823 bona
661 1781 815 1823 omnia.
878 1780 980 1835 quid
1022 1781 1188 1823 vindico
1233 1781 1389 1823 mihi?
1421 1781 1535 1823 bona

363 1913 383 1943 2
409 1908 497 1954 qua]
525 1919 680 1952 quarum
705 1910 770 1951 Ba,
809 1917 914 1942 arum
937 1909 1004 1950 Bb,
1038 1907 1215 1950 quantum
1239 1906 1315 1942 Aer
1338 1907 1351 1950 ΙΙ
1374 1906 1533 1950 partitur

270 1958 339 1999 Aa,
381 1955 521 1999 petitur
546 1958 572 1987 P
609 1955 621 1998 ΙΙ
659 1958 699 1989 11
726 1954 892 1998 peterem
915 1956 940 1986 P
976 1954 988 1998 n
1026 1956 1068 1987 12
1094 1952 1160 1988 iud
1185 1955 1261 1996 ΑΒ,
1287 1952 1373 1988 vide
1397 1956 1422 1986 Β
1448 1953 1462 1998 ΙΙ
1491 1956 1533 1989 16

271 2001 384 2047 quod]
411 2002 592 2045 quantum
615 2004 642 2034 B
679 2002 690 2045 ΙΙ
728 2004 771 2035 18
796 1999 1006 2045 pensationi
1030 2002 1056 2032 B
1093 2001 1105 2045 ΙΙ
1143 2003 1184 2034 19
1210 1999 1299 2044 (1111(1
1323 2001 1405 2042 ΔΒ,
1442 2009 1534 2035 corr.

269 2049 394 2083 incert.
421 2051 514 2083 auct
543 2048 643 2092 apud
668 2047 743 2082 Aer
766 2046 777 2091 ΙΙ
801 2046 985 2091 relinquid
1010 2049 1062 2080 Aa
1080 2046 1091 2090 ΙΙ
1111 2050 1154 2080 21
1180 2046 1244 2081 ille
1268 2048 1320 2080 Aa
1337 2047 1349 2091 ΙΙ
1367 2049 1411 2080 22
1436 2045 1531 2081 ferre

268 2093 547 2129 hitedandetem
572 2097 625 2128 Aa
655 2094 667 2138 ΙΙ
698 2096 740 2128 25
768 2094 953 2138 quanto
979 2095 1008 2126 A
1027 2094 1039 2138 ΙΙ
1064 2092 1202 2137 quanto
1227 2094 1306 2136 ΑΒ,
1331 2102 1421 2127 corr.
1447 2091 1501 2127 Gr
1518 2093 1531 2136 ΙΙ

268 2140 361 2175 1111111
385 2141 463 2176 dari
488 2144 515 2174 B
544 2142 556 2185 ΙΙ
584 2145 628 2175 26
654 2139 758 2185 quid]
787 2138 887 2184 quod
911 2142 937 2172 B
967 2140 979 2184 Η
1009 2142 1146 2174 27-28
1172 2138 1236 2183 (1111
1261 2138 1389 2183 scripsi
1412 2139 1439 2171 Β
1457 2138 1469 2182 ΙΙ
1488 2141 1532 2173 28

270 2187 333 2231 (1111
358 2187 445 2222 dum
470 2187 553 2222 dico
578 2190 604 2220 Β
