<?xml version="1.0" encoding="UTF-8"?>
<!DOCTYPE html PUBLIC "-//W3C//DTD XHTML 1.0 Transitional//EN"
    "http://www.w3.org/TR/xhtml1/DTD/xhtml1-transitional.dtd">
<html xmlns="http://www.w3.org/1999/xhtml" xml:lang="en" lang="en">
 <head>
  <title>
</title>
<meta http-equiv="Content-Type" content="text/html;charset=utf-8" />
  <meta name='ocr-system' content='tesseract 3.04.00' />
  <meta name='ocr-capabilities' content='ocr_page ocr_carea ocr_par ocr_line ocrx_word'/>
</head>
<body>
  <div class='ocr_page' id='page_1' title='image "./declamationesqua00quinuoft_0290.png"; bbox 0 0 1604 2488; ppageno 0'>
   <div class='ocr_carea' id='block_1_1' title="bbox 200 757 242 787">
    <p class='ocr_par' dir='ltr' id='par_1_1' title="bbox 200 757 242 787">
     <span class='ocr_line' id='line_1_1' title="bbox 200 757 242 787; baseline 0.024 -1"><span class='ocrx_word' id='word_1_1' title='bbox 200 757 242 787; x_wconf 85' lang='lat'><strong>10</strong></span> 
     </span>
    </p>
   </div>
   <div class='ocr_carea' id='block_1_2' title="bbox 199 1047 243 1078">
    <p class='ocr_par' dir='ltr' id='par_1_2' title="bbox 199 1047 243 1078">
     <span class='ocr_line' id='line_1_2' title="bbox 199 1047 243 1078; baseline 0.023 -1"><span class='ocrx_word' id='word_1_2' title='bbox 199 1047 243 1078; x_wconf 82' lang='lat'><strong>15</strong></span> 
     </span>
    </p>
   </div>
   <div class='ocr_carea' id='block_1_3' title="bbox 195 1476 238 1508">
    <p class='ocr_par' dir='ltr' id='par_1_3' title="bbox 195 1476 238 1508">
     <span class='ocr_line' id='line_1_3' title="bbox 195 1476 238 1508; baseline 0.047 -2"><span class='ocrx_word' id='word_1_3' title='bbox 195 1476 238 1508; x_wconf 78' lang='grc'><strong>’20</strong></span> 
     </span>
    </p>
   </div>
   <div class='ocr_carea' id='block_1_4' title="bbox 194 1765 238 1797">
    <p class='ocr_par' dir='ltr' id='par_1_4' title="bbox 194 1765 238 1797">
     <span class='ocr_line' id='line_1_4' title="bbox 194 1765 238 1797; baseline 0 0"><span class='ocrx_word' id='word_1_4' title='bbox 194 1765 238 1797; x_wconf 85' lang='grc'><strong>25</strong></span> 
     </span>
    </p>
   </div>
   <div class='ocr_carea' id='block_1_5' title="bbox 273 117 1056 162">
    <p class='ocr_par' dir='ltr' id='par_1_5' title="bbox 273 117 1056 162">
     <span class='ocr_line' id='line_1_5' title="bbox 273 117 1056 162; baseline -0.003 -4"><span class='ocrx_word' id='word_1_5' title='bbox 273 117 360 158; x_wconf 80' lang='lat'><strong>254</strong></span> <span class='ocrx_word' id='word_1_6' title='bbox 753 119 871 162; x_wconf 78' lang='lat' dir='ltr'>QUIN</span> <span class='ocrx_word' id='word_1_7' title='bbox 873 121 1056 158; x_wconf 85' lang='lat' dir='ltr'>TILIANI</span> 
     </span>
    </p>
   </div>
   <div class='ocr_carea' id='block_1_6' title="bbox 265 226 1532 1090">
    <p class='ocr_par' dir='ltr' id='par_1_6' title="bbox 265 226 1532 1090">
     <span class='ocr_line' id='line_1_6' title="bbox 274 226 1532 282; baseline 0.008 -17"><span class='ocrx_word' id='word_1_8' title='bbox 274 226 419 278; x_wconf 88' lang='lat' dir='ltr'><strong>potest</strong></span> <span class='ocrx_word' id='word_1_9' title='bbox 449 229 687 280; x_wconf 88' lang='lat' dir='ltr'><strong>utrumque.</strong></span> <span class='ocrx_word' id='word_1_10' title='bbox 726 241 878 282; x_wconf 85' lang='lat' dir='ltr'><strong>nempe</strong></span> <span class='ocrx_word' id='word_1_11' title='bbox 907 227 988 270; x_wconf 86' lang='lat' dir='ltr'><strong>hoe</strong></span> <span class='ocrx_word' id='word_1_12' title='bbox 1017 229 1130 271; x_wconf 87' lang='lat' dir='ltr'><strong>inter</strong></span> <span class='ocrx_word' id='word_1_13' title='bbox 1160 230 1244 273; x_wconf 80' lang='lat' dir='ltr'><strong>alia</strong></span> <span class='ocrx_word' id='word_1_14' title='bbox 1275 230 1434 274; x_wconf 86' lang='lat' dir='ltr'><strong>dietum</strong></span> <span class='ocrx_word' id='word_1_15' title='bbox 1465 235 1532 274; x_wconf 89' lang='lat' dir='ltr'><strong>est</strong></span> 
     </span>
     <span class='ocr_line' id='line_1_7' title="bbox 271 283 1531 337; baseline 0.008 -14"><span class='ocrx_word' id='word_1_16' title='bbox 271 297 423 337; x_wconf 87' lang='lat' dir='ltr'><strong>„quam</strong></span> <span class='ocrx_word' id='word_1_17' title='bbox 454 297 626 325; x_wconf 84' lang='lat' dir='ltr'><strong>causam</strong></span> <span class='ocrx_word' id='word_1_18' title='bbox 657 283 783 326; x_wconf 86' lang='lat' dir='ltr'><strong>dandi</strong></span> <span class='ocrx_word' id='word_1_19' title='bbox 815 286 966 327; x_wconf 88' lang='lat' dir='ltr'><strong>veneni</strong></span> <span class='ocrx_word' id='word_1_20' title='bbox 989 286 1079 328; x_wconf 87' lang='lat' dir='ltr'><strong>filio</strong></span> <span class='ocrx_word' id='word_1_21' title='bbox 1104 302 1198 330; x_wconf 90' lang='lat' dir='ltr'><strong>meo</strong></span> <span class='ocrx_word' id='word_1_22' title='bbox 1222 289 1382 332; x_wconf 77' lang='lat' dir='ltr'><strong>habui?</strong></span> <span class='ocrx_word' id='word_1_23' title='bbox 1413 290 1531 332; x_wconf 85' lang='lat' dir='ltr'><strong>adul·</strong></span> 
     </span>
     <span class='ocr_line' id='line_1_8' title="bbox 273 342 1530 398; baseline 0.008 -17"><span class='ocrx_word' id='word_1_24' title='bbox 273 344 366 381; x_wconf 89' lang='lat' dir='ltr'><strong>tera</strong></span> <span class='ocrx_word' id='word_1_25' title='bbox 395 355 483 382; x_wconf 88' lang='lat' dir='ltr'><strong>non</strong></span> <span class='ocrx_word' id='word_1_26' title='bbox 513 342 664 383; x_wconf 86' lang='lat' dir='ltr'><strong>eram“.</strong></span> <span class='ocrx_word' id='word_1_27' title='bbox 699 343 789 384; x_wconf 87' lang='lat' dir='ltr'><strong>illie</strong></span> <span class='ocrx_word' id='word_1_28' title='bbox 819 343 1066 398; x_wconf 83' lang='lat' dir='ltr'><strong>videbimus,</strong></span> <span class='ocrx_word' id='word_1_29' title='bbox 1095 345 1184 388; x_wconf 85' lang='lat' dir='ltr'><strong>illie</strong></span> <span class='ocrx_word' id='word_1_30' title='bbox 1211 347 1431 390; x_wconf 83' lang='lat' dir='ltr'><strong>reddemus</strong></span> <span class='ocrx_word' id='word_1_31' title='bbox 1462 363 1530 391; x_wconf 87' lang='lat' dir='ltr'><strong>ra-</strong></span> 
     </span>
     <span class='ocr_line' id='line_1_9' title="bbox 270 398 1529 461; baseline 0.007 -22"><span class='ocrx_word' id='word_1_32' title='bbox 270 398 444 441; x_wconf 88' lang='lat' dir='ltr'><strong>tionem.</strong></span> <span class='ocrx_word' id='word_1_33' title='bbox 479 413 556 441; x_wconf 86' lang='lat' dir='ltr'><strong>neo</strong></span> <span class='ocrx_word' id='word_1_34' title='bbox 586 403 631 442; x_wconf 90' lang='lat' dir='ltr'><strong>te</strong></span> <span class='ocrx_word' id='word_1_35' title='bbox 659 400 741 442; x_wconf 89' lang='lat' dir='ltr'><strong>hoe</strong></span> <span class='ocrx_word' id='word_1_36' title='bbox 773 401 935 444; x_wconf 84' lang='lat' dir='ltr'><strong>fefellit.</strong></span> <span class='ocrx_word' id='word_1_37' title='bbox 979 402 1052 444; x_wconf 85' lang='lat' dir='ltr'><strong>sed</strong></span> <span class='ocrx_word' id='word_1_38' title='bbox 1081 404 1290 447; x_wconf 80' lang='lat' dir='ltr'><strong>naturalis</strong></span> <span class='ocrx_word' id='word_1_39' title='bbox 1319 404 1529 461; x_wconf 83' lang='lat' dir='ltr'>improbis</span> 
     </span>
     <span class='ocr_line' id='line_1_10' title="bbox 270 455 1529 514; baseline 0.007 -17"><span class='ocrx_word' id='word_1_40' title='bbox 270 455 514 499; x_wconf 87' lang='lat' dir='ltr'><strong>hominibus</strong></span> <span class='ocrx_word' id='word_1_41' title='bbox 559 457 778 501; x_wconf 80' lang='lat' dir='ltr'><strong>dilationis</strong></span> <span class='ocrx_word' id='word_1_42' title='bbox 822 463 887 501; x_wconf 88' lang='lat' dir='ltr'><strong>est</strong></span> <span class='ocrx_word' id='word_1_43' title='bbox 930 460 1150 514; x_wconf 78' lang='lat' dir='ltr'><strong>cupiditas,</strong></span> <span class='ocrx_word' id='word_1_44' title='bbox 1217 462 1286 505; x_wconf 86' lang='lat' dir='ltr'><strong>hie</strong></span> <span class='ocrx_word' id='word_1_45' title='bbox 1323 463 1529 507; x_wconf 80' lang='lat' dir='ltr'><strong>infamiae</strong></span> 
     </span>
     <span class='ocr_line' id='line_1_11' title="bbox 269 514 1529 576; baseline 0.007 -21"><span class='ocrx_word' id='word_1_46' title='bbox 269 514 387 556; x_wconf 84' lang='lat' dir='ltr'><strong>vides</strong></span> <span class='ocrx_word' id='word_1_47' title='bbox 416 529 610 570; x_wconf 88' lang='lat' dir='ltr'><strong>poenam.</strong></span> <span class='ocrx_word' id='word_1_48' title='bbox 661 517 762 571; x_wconf 88' lang='lat' dir='ltr'><strong>quid</strong></span> <span class='ocrx_word' id='word_1_49' title='bbox 786 520 928 559; x_wconf 90' lang='lat' dir='ltr'><strong>autem</strong></span> <span class='ocrx_word' id='word_1_50' title='bbox 952 518 1070 560; x_wconf 84' lang='lat' dir='ltr'><strong>fama</strong></span> <span class='ocrx_word' id='word_1_51' title='bbox 1093 519 1147 560; x_wconf 90' lang='lat' dir='ltr'><strong>ad</strong></span> <span class='ocrx_word' id='word_1_52' title='bbox 1170 521 1226 574; x_wconf 87' lang='lat' dir='ltr'><strong>te,</strong></span> <span class='ocrx_word' id='word_1_53' title='bbox 1255 523 1330 563; x_wconf 87' lang='lat' dir='ltr'><strong>aut</strong></span> <span class='ocrx_word' id='word_1_54' title='bbox 1354 523 1529 576; x_wconf 75' lang='lat' dir='ltr'><strong>opinio?</strong></span> 
     </span>
     <span class='ocr_line' id='line_1_12' title="bbox 270 572 1528 631; baseline 0.006 -17"><span class='ocrx_word' id='word_1_55' title='bbox 270 572 343 614; x_wconf 90' lang='lat' dir='ltr'><strong>sed</strong></span> <span class='ocrx_word' id='word_1_56' title='bbox 373 577 598 616; x_wconf 85' lang='lat' dir='ltr'><strong>occurrunt</strong></span> <span class='ocrx_word' id='word_1_57' title='bbox 625 574 726 616; x_wconf 88' lang='lat' dir='ltr'><strong>illae</strong></span> <span class='ocrx_word' id='word_1_58' title='bbox 751 576 1056 630; x_wconf 86' lang='lat' dir='ltr'><strong>cogitationes:</strong></span> <span class='ocrx_word' id='word_1_59' title='bbox 1088 580 1312 631; x_wconf 73' lang='lat' dir='ltr'><strong>quaeretur</strong></span> <span class='ocrx_word' id='word_1_60' title='bbox 1336 578 1387 621; x_wconf 94' lang='lat' dir='ltr'><strong>de</strong></span> <span class='ocrx_word' id='word_1_61' title='bbox 1412 580 1528 622; x_wconf 78' lang='lat' dir='ltr'><strong>adul-</strong></span> 
     </span>
     <span class='ocr_line' id='line_1_13' title="bbox 268 630 1529 692; baseline 0.007 -21"><span class='ocrx_word' id='word_1_62' title='bbox 268 630 376 672; x_wconf 89' lang='lat' dir='ltr'><strong>terio</strong></span> <span class='ocrx_word' id='word_1_63' title='bbox 415 634 458 673; x_wconf 92' lang='lat' dir='ltr'><strong>et</strong></span> <span class='ocrx_word' id='word_1_64' title='bbox 496 635 722 686; x_wconf 82' lang='lat' dir='ltr'><strong>quaeretur</strong></span> <span class='ocrx_word' id='word_1_65' title='bbox 753 633 824 675; x_wconf 91' lang='lat' dir='ltr'><strong>diu</strong></span> <span class='ocrx_word' id='word_1_66' title='bbox 855 637 899 676; x_wconf 90' lang='lat' dir='ltr'><strong>et</strong></span> <span class='ocrx_word' id='word_1_67' title='bbox 930 635 1126 677; x_wconf 76' lang='lat' dir='ltr'><strong>extrahet</strong></span> <span class='ocrx_word' id='word_1_68' title='bbox 1154 636 1374 692; x_wconf 86' lang='lat' dir='ltr'><strong>iudicium,</strong></span> <span class='ocrx_word' id='word_1_69' title='bbox 1417 638 1529 680; x_wconf 87' lang='lat' dir='ltr'><strong>sicut</strong></span> 
     </span>
     <span class='ocr_line' id='line_1_14' title="bbox 269 688 1531 750; baseline 0.006 -21"><span class='ocrx_word' id='word_1_70' title='bbox 269 688 405 730; x_wconf 85' lang='lat' dir='ltr'><strong>adhue</strong></span> <span class='ocrx_word' id='word_1_71' title='bbox 442 690 645 744; x_wconf 83' lang='lat' dir='ltr'><strong>extrahit,</strong></span> <span class='ocrx_word' id='word_1_72' title='bbox 681 694 720 732; x_wconf 85' lang='lat' dir='ltr'><strong>et</strong></span> <span class='ocrx_word' id='word_1_73' title='bbox 757 695 950 747; x_wconf 83' lang='lat' dir='ltr'><strong>sequetur</strong></span> <span class='ocrx_word' id='word_1_74' title='bbox 987 693 1185 735; x_wconf 91' lang='lat' dir='ltr'><strong>adulterii</strong></span> <span class='ocrx_word' id='word_1_75' title='bbox 1222 708 1404 749; x_wconf 83' lang='lat' dir='ltr'><strong>poenam</strong></span> <span class='ocrx_word' id='word_1_76' title='bbox 1444 695 1531 750; x_wconf 66' lang='lat' dir='ltr'><strong>¹alia.</strong></span> 
     </span>
     <span class='ocr_line' id='line_1_15' title="bbox 269 747 1529 801; baseline 0.006 -14"><span class='ocrx_word' id='word_1_77' title='bbox 269 747 543 801; x_wconf 83' lang='lat' dir='ltr'><strong>subscriptio,</strong></span> <span class='ocrx_word' id='word_1_78' title='bbox 581 749 655 790; x_wconf 86' lang='lat' dir='ltr'><strong>alii</strong></span> <span class='ocrx_word' id='word_1_79' title='bbox 691 749 850 792; x_wconf 80' lang='lat' dir='ltr'><strong>iudices</strong></span> <span class='ocrx_word' id='word_1_80' title='bbox 888 753 932 792; x_wconf 92' lang='lat' dir='ltr'><strong>et</strong></span> <span class='ocrx_word' id='word_1_81' title='bbox 963 751 1048 792; x_wconf 87' lang='lat' dir='ltr'><strong>alia</strong></span> <span class='ocrx_word' id='word_1_82' title='bbox 1078 752 1314 794; x_wconf 83' lang='lat' dir='ltr'><strong>sortitionis</strong></span> <span class='ocrx_word' id='word_1_83' title='bbox 1343 753 1529 796; x_wconf 85' lang='lat' dir='ltr'><strong>fortuna.</strong></span> 
     </span>
     <span class='ocr_line' id='line_1_16' title="bbox 267 804 1527 866; baseline 0.006 -21"><span class='ocrx_word' id='word_1_84' title='bbox 267 804 438 846; x_wconf 89' lang='lat' dir='ltr'><strong>interim</strong></span> <span class='ocrx_word' id='word_1_85' title='bbox 462 808 511 847; x_wconf 90' lang='lat' dir='ltr'><strong>ut</strong></span> <span class='ocrx_word' id='word_1_86' title='bbox 534 806 641 847; x_wconf 84' lang='lat' dir='ltr'><strong>nihil</strong></span> <span class='ocrx_word' id='word_1_87' title='bbox 667 809 782 850; x_wconf 86' lang='lat' dir='ltr'><strong>artes</strong></span> <span class='ocrx_word' id='word_1_88' title='bbox 802 809 981 863; x_wconf 83' lang='lat' dir='ltr'><strong>valeant,</strong></span> <span class='ocrx_word' id='word_1_89' title='bbox 1012 809 1195 852; x_wconf 89' lang='lat' dir='ltr'><strong>multum</strong></span> <span class='ocrx_word' id='word_1_90' title='bbox 1214 810 1303 852; x_wconf 85' lang='lat' dir='ltr'><strong>fata</strong></span> <span class='ocrx_word' id='word_1_91' title='bbox 1326 814 1527 866; x_wconf 68' lang='lat' dir='ltr'><strong>possunt,</strong></span> 
     </span>
     <span class='ocr_line' id='line_1_17' title="bbox 266 862 1525 924; baseline 0.006 -21"><span class='ocrx_word' id='word_1_92' title='bbox 266 862 449 905; x_wconf 89' lang='lat' dir='ltr'><strong>multum</strong></span> <span class='ocrx_word' id='word_1_93' title='bbox 493 864 602 906; x_wconf 84' lang='lat' dir='ltr'><strong>eitra</strong></span> <span class='ocrx_word' id='word_1_94' title='bbox 645 866 781 908; x_wconf 81' lang='lat' dir='ltr'><strong>scelus</strong></span> <span class='ocrx_word' id='word_1_95' title='bbox 825 881 991 922; x_wconf 90' lang='lat' dir='ltr'><strong>quoque</strong></span> <span class='ocrx_word' id='word_1_96' title='bbox 1030 867 1326 922; x_wconf 88' lang='lat' dir='ltr'><strong>impedimenti</strong></span> <span class='ocrx_word' id='word_1_97' title='bbox 1369 883 1444 924; x_wconf 86' lang='lat' dir='ltr'><strong>per</strong></span> <span class='ocrx_word' id='word_1_98' title='bbox 1480 883 1525 911; x_wconf 90' lang='lat' dir='ltr'><strong>se</strong></span> 
     </span>
     <span class='ocr_line' id='line_1_18' title="bbox 265 920 1527 981; baseline 0.006 -20"><span class='ocrx_word' id='word_1_99' title='bbox 265 920 358 974; x_wconf 86' lang='lat' dir='ltr'><strong>ipsa</strong></span> <span class='ocrx_word' id='word_1_100' title='bbox 395 922 638 964; x_wconf 86' lang='lat' dir='ltr'><strong>mortalitas</strong></span> <span class='ocrx_word' id='word_1_101' title='bbox 671 924 818 966; x_wconf 83' lang='lat' dir='ltr'><strong>adfert.</strong></span> <span class='ocrx_word' id='word_1_102' title='bbox 877 927 927 966; x_wconf 90' lang='lat' dir='ltr'><strong>ut</strong></span> <span class='ocrx_word' id='word_1_103' title='bbox 955 925 1063 966; x_wconf 89' lang='lat' dir='ltr'><strong>nihil</strong></span> <span class='ocrx_word' id='word_1_104' title='bbox 1092 927 1247 981; x_wconf 84' lang='lat' dir='ltr'><strong>prosit,</strong></span> <span class='ocrx_word' id='word_1_105' title='bbox 1281 925 1433 979; x_wconf 57' lang='lat' dir='ltr'><strong>:vixero</strong></span> <span class='ocrx_word' id='word_1_106' title='bbox 1463 930 1527 968; x_wconf 85' lang='lat' dir='ltr'><strong>ta-</strong></span> 
     </span>
     <span class='ocr_line' id='line_1_19' title="bbox 268 980 1528 1038; baseline 0.006 -19"><span class='ocrx_word' id='word_1_107' title='bbox 268 992 365 1019; x_wconf 89' lang='lat' dir='ltr'><strong>men</strong></span> <span class='ocrx_word' id='word_1_108' title='bbox 396 983 449 1033; x_wconf 85' lang='lat' dir='ltr'><strong>et,</strong></span> <span class='ocrx_word' id='word_1_109' title='bbox 480 980 591 1034; x_wconf 86' lang='lat' dir='ltr'><strong>quod</strong></span> <span class='ocrx_word' id='word_1_110' title='bbox 622 981 730 1023; x_wconf 90' lang='lat' dir='ltr'><strong>mihi</strong></span> <span class='ocrx_word' id='word_1_111' title='bbox 759 982 848 1023; x_wconf 84' lang='lat' dir='ltr'><strong>vita</strong></span> <span class='ocrx_word' id='word_1_112' title='bbox 877 982 971 1036; x_wconf 88' lang='lat' dir='ltr'><strong>ipsa</strong></span> <span class='ocrx_word' id='word_1_113' title='bbox 1002 983 1221 1026; x_wconf 83' lang='lat' dir='ltr'><strong>iucundius</strong></span> <span class='ocrx_word' id='word_1_114' title='bbox 1253 987 1335 1038; x_wconf 87' lang='lat' dir='ltr'><strong>est,</strong></span> <span class='ocrx_word' id='word_1_115' title='bbox 1364 984 1528 1026; x_wconf 84' lang='lat' dir='ltr'><strong>tamdiu</strong></span> 
     </span>
     <span class='ocr_line' id='line_1_20' title="bbox 269 1039 804 1090; baseline 0.007 -13"><span class='ocrx_word' id='word_1_116' title='bbox 269 1040 484 1090; x_wconf 87' lang='lat' dir='ltr'><strong>superstes</strong></span> <span class='ocrx_word' id='word_1_117' title='bbox 515 1039 618 1080; x_wconf 89' lang='lat' dir='ltr'><strong>testi</strong></span> <span class='ocrx_word' id='word_1_118' title='bbox 649 1039 804 1082; x_wconf 85' lang='lat' dir='ltr'><strong>vixero.</strong></span> 
     </span>
    </p>
   </div>
   <div class='ocr_carea' id='block_1_7' title="bbox 703 1189 1095 1315">
    <p class='ocr_par' dir='ltr' id='par_1_7' title="bbox 703 1189 1095 1315">
     <span class='ocr_line' id='line_1_21' title="bbox 786 1189 1003 1234; baseline 0.005 -2"><span class='ocrx_word' id='word_1_119' title='bbox 786 1189 1003 1234; x_wconf 79' lang='lat' dir='ltr'>CCCXX.</span> 
     </span>
     <span class='ocr_line' id='line_1_22' title="bbox 703 1270 1095 1315; baseline 0.005 -3"><span class='ocrx_word' id='word_1_120' title='bbox 703 1270 894 1313; x_wconf 72' lang='lat' dir='ltr'><strong>llultati</strong></span> <span class='ocrx_word' id='word_1_121' title='bbox 926 1272 1095 1315; x_wconf 75' lang='lat' dir='ltr'><strong>socius.</strong></span> 
     </span>
    </p>
   </div>
   <div class='ocr_carea' id='block_1_8' title="bbox 267 1348 1525 1812">
    <p class='ocr_par' dir='ltr' id='par_1_8' title="bbox 267 1348 1525 1812">
     <span class='ocr_line' id='line_1_23' title="bbox 267 1348 1525 1398; baseline 0.003 -6"><span class='ocrx_word' id='word_1_122' title='bbox 267 1348 506 1394; x_wconf 79' lang='lat' dir='ltr'>SOCIORUM</span> <span class='ocrx_word' id='word_1_123' title='bbox 544 1363 789 1395; x_wconf 79' lang='lat' dir='ltr'>COMMUNIA</span> <span class='ocrx_word' id='word_1_124' title='bbox 822 1365 925 1396; x_wconf 77' lang='lat' dir='ltr'>SINT</span> <span class='ocrx_word' id='word_1_125' title='bbox 956 1366 1118 1396; x_wconf 82' lang='lat' dir='ltr'>DAMNA</span> <span class='ocrx_word' id='word_1_126' title='bbox 1147 1366 1206 1395; x_wconf 86' lang='grc' dir='ltr'><strong>ΕΤ</strong></span> <span class='ocrx_word' id='word_1_127' title='bbox 1237 1366 1399 1398; x_wconf 79' lang='lat' dir='ltr'>LUCRA.</span> <span class='ocrx_word' id='word_1_128' title='bbox 1458 1353 1525 1396; x_wconf 86' lang='lat' dir='ltr'><strong>Ex</strong></span> 
     </span>
     <span class='ocr_line' id='line_1_24' title="bbox 384 1409 1523 1467; baseline 0.003 -16"><span class='ocrx_word' id='word_1_129' title='bbox 384 1409 547 1452; x_wconf 87' lang='lat' dir='ltr'><strong>duobus</strong></span> <span class='ocrx_word' id='word_1_130' title='bbox 580 1411 703 1453; x_wconf 84' lang='lat' dir='ltr'><strong>sociis</strong></span> <span class='ocrx_word' id='word_1_131' title='bbox 736 1411 845 1454; x_wconf 88' lang='lat' dir='ltr'><strong>alter</strong></span> <span class='ocrx_word' id='word_1_132' title='bbox 875 1412 920 1453; x_wconf 91' lang='lat' dir='ltr'><strong>in</strong></span> <span class='ocrx_word' id='word_1_133' title='bbox 952 1412 1124 1454; x_wconf 84' lang='lat' dir='ltr'><strong>civitate</strong></span> <span class='ocrx_word' id='word_1_134' title='bbox 1156 1415 1257 1465; x_wconf 87' lang='lat' dir='ltr'><strong>erat,</strong></span> <span class='ocrx_word' id='word_1_135' title='bbox 1289 1413 1400 1455; x_wconf 88' lang='lat' dir='ltr'><strong>alter</strong></span> <span class='ocrx_word' id='word_1_136' title='bbox 1429 1426 1523 1467; x_wconf 86' lang='lat' dir='ltr'><strong>per-</strong></span> 
     </span>
     <span class='ocr_line' id='line_1_25' title="bbox 384 1469 1523 1526; baseline 0.003 -17"><span class='ocrx_word' id='word_1_137' title='bbox 384 1482 494 1523; x_wconf 86' lang='lat' dir='ltr'><strong>egre.</strong></span> <span class='ocrx_word' id='word_1_138' title='bbox 561 1483 656 1510; x_wconf 80' lang='lat' dir='ltr'><strong>eum</strong></span> <span class='ocrx_word' id='word_1_139' title='bbox 701 1469 814 1511; x_wconf 91' lang='lat' dir='ltr'><strong>bello</strong></span> <span class='ocrx_word' id='word_1_140' title='bbox 859 1470 1075 1512; x_wconf 85' lang='lat' dir='ltr'><strong>laboraret</strong></span> <span class='ocrx_word' id='word_1_141' title='bbox 1114 1471 1282 1526; x_wconf 82' lang='lat' dir='ltr'><strong>civitas,</strong></span> <span class='ocrx_word' id='word_1_142' title='bbox 1325 1471 1523 1524; x_wconf 83' lang='lat' dir='ltr'><strong>decrevit,</strong></span> 
     </span>
     <span class='ocr_line' id='line_1_26' title="bbox 380 1527 1522 1584; baseline 0.003 -17"><span class='ocrx_word' id='word_1_143' title='bbox 380 1529 428 1567; x_wconf 91' lang='lat' dir='ltr'><strong>ut</strong></span> <span class='ocrx_word' id='word_1_144' title='bbox 464 1527 580 1569; x_wconf 87' lang='lat' dir='ltr'><strong>intra</strong></span> <span class='ocrx_word' id='word_1_145' title='bbox 612 1529 771 1569; x_wconf 82' lang='lat' dir='ltr'><strong>eertum</strong></span> <span class='ocrx_word' id='word_1_146' title='bbox 803 1527 913 1569; x_wconf 89' lang='lat' dir='ltr'><strong>diem</strong></span> <span class='ocrx_word' id='word_1_147' title='bbox 943 1530 1254 1571; x_wconf 88' lang='lat' dir='ltr'><strong>reverterentur</strong></span> <span class='ocrx_word' id='word_1_148' title='bbox 1295 1529 1366 1584; x_wconf 91' lang='lat' dir='ltr'><strong>qui</strong></span> <span class='ocrx_word' id='word_1_149' title='bbox 1404 1529 1522 1570; x_wconf 85' lang='lat' dir='ltr'><strong>abes-</strong></span> 
     </span>
     <span class='ocr_line' id='line_1_27' title="bbox 382 1585 1522 1642; baseline 0.003 -17"><span class='ocrx_word' id='word_1_150' title='bbox 382 1587 493 1638; x_wconf 84' lang='lat' dir='ltr'><strong>sent3</strong></span> <span class='ocrx_word' id='word_1_151' title='bbox 531 1585 603 1640; x_wconf 91' lang='lat' dir='ltr'><strong>qui</strong></span> <span class='ocrx_word' id='word_1_152' title='bbox 639 1599 725 1627; x_wconf 89' lang='lat' dir='ltr'><strong>non</strong></span> <span class='ocrx_word' id='word_1_153' title='bbox 762 1586 980 1628; x_wconf 84' lang='lat' dir='ltr'><strong>venissent</strong></span> <span class='ocrx_word' id='word_1_154' title='bbox 1025 1587 1306 1630; x_wconf 87' lang='lat' dir='ltr'><strong>multarentur</strong></span> <span class='ocrx_word' id='word_1_155' title='bbox 1334 1586 1522 1642; x_wconf 85' lang='lat' dir='ltr'><strong>publica·</strong></span> 
     </span>
     <span class='ocr_line' id='line_1_28' title="bbox 379 1642 1522 1700; baseline 0.002 -17"><span class='ocrx_word' id='word_1_156' title='bbox 379 1642 496 1683; x_wconf 86' lang='lat' dir='ltr'><strong>tione</strong></span> <span class='ocrx_word' id='word_1_157' title='bbox 533 1643 754 1685; x_wconf 87' lang='lat' dir='ltr'><strong>bonorum.</strong></span> <span class='ocrx_word' id='word_1_158' title='bbox 816 1647 963 1686; x_wconf 81' lang='lat' dir='ltr'><strong>exacta</strong></span> <span class='ocrx_word' id='word_1_159' title='bbox 1001 1647 1066 1686; x_wconf 91' lang='lat' dir='ltr'><strong>est</strong></span> <span class='ocrx_word' id='word_1_160' title='bbox 1098 1659 1201 1700; x_wconf 86' lang='lat' dir='ltr'><strong>pars</strong></span> <span class='ocrx_word' id='word_1_161' title='bbox 1240 1659 1265 1686; x_wconf 87' lang='lat' dir='ltr'><strong>a</strong></span> <span class='ocrx_word' id='word_1_162' title='bbox 1300 1647 1522 1700; x_wconf 83' lang='lat' dir='ltr'><strong>praesente</strong></span> 
     </span>
     <span class='ocr_line' id='line_1_29' title="bbox 379 1700 1525 1758; baseline 0.003 -17"><span class='ocrx_word' id='word_1_163' title='bbox 379 1700 667 1755; x_wconf 84' lang='lat' dir='ltr'><strong>negotiatore,</strong></span> <span class='ocrx_word' id='word_1_164' title='bbox 687 1701 875 1743; x_wconf 89' lang='lat' dir='ltr'><strong>absentis</strong></span> <span class='ocrx_word' id='word_1_165' title='bbox 896 1702 1082 1756; x_wconf 85' lang='lat' dir='ltr'><strong>&lt;soeio&gt;.</strong></span> <span class='ocrx_word' id='word_1_166' title='bbox 1112 1717 1308 1744; x_wconf 82' lang='lat' dir='ltr'><strong>reversus</strong></span> <span class='ocrx_word' id='word_1_167' title='bbox 1332 1703 1404 1744; x_wconf 89' lang='lat' dir='ltr'><strong>ille</strong></span> <span class='ocrx_word' id='word_1_168' title='bbox 1426 1717 1525 1758; x_wconf 86' lang='lat' dir='ltr'><strong>par·</strong></span> 
     </span>
     <span class='ocr_line' id='line_1_30' title="bbox 380 1758 1147 1812; baseline 0.004 -13"><span class='ocrx_word' id='word_1_169' title='bbox 380 1762 467 1800; x_wconf 87' lang='lat' dir='ltr'><strong>tem</strong></span> <span class='ocrx_word' id='word_1_170' title='bbox 497 1759 605 1812; x_wconf 86' lang='lat' dir='ltr'><strong>petit</strong></span> <span class='ocrx_word' id='word_1_171' title='bbox 635 1758 894 1812; x_wconf 85' lang='lat' dir='ltr'><strong>reliquorum</strong></span> <span class='ocrx_word' id='word_1_172' title='bbox 925 1760 1147 1802; x_wconf 88' lang='lat' dir='ltr'><strong>bonorum.</strong></span> 
     </span>
    </p>
   </div>
   <div class='ocr_carea' id='block_1_9' title="bbox 778 1873 1004 1916">
    <p class='ocr_par' dir='ltr' id='par_1_9' title="bbox 778 1873 1004 1916">
     <span class='ocr_line' id='line_1_31' title="bbox 778 1873 1004 1916; baseline 0 0"><span class='ocrx_word' id='word_1_173' title='bbox 778 1873 1004 1916; x_wconf 83' lang='lat' dir='ltr'><strong>SERMO.</strong></span> 
     </span>
    </p>
   </div>
   <div class='ocr_carea' id='block_1_10' title="bbox 353 1954 1506 2011">
    <p class='ocr_par' dir='ltr' id='par_1_10' title="bbox 353 1954 1506 2011">
     <span class='ocr_line' id='line_1_32' title="bbox 353 1954 1506 2011; baseline 0.003 -14"><span class='ocrx_word' id='word_1_174' title='bbox 353 1954 486 2010; x_wconf 85' lang='lat' dir='ltr'><strong>Saepe</strong></span> <span class='ocrx_word' id='word_1_175' title='bbox 517 1955 639 1997; x_wconf 86' lang='lat' dir='ltr'><strong>vodis</strong></span> <span class='ocrx_word' id='word_1_176' title='bbox 671 1956 755 2010; x_wconf 88' lang='lat' dir='ltr'><strong>bxi,</strong></span> <span class='ocrx_word' id='word_1_177' title='bbox 785 1956 996 2011; x_wconf 86' lang='lat' dir='ltr'><strong>quomodo</strong></span> <span class='ocrx_word' id='word_1_178' title='bbox 1023 1956 1076 1998; x_wconf 87' lang='lat' dir='ltr'><strong>ad</strong></span> <span class='ocrx_word' id='word_1_179' title='bbox 1101 1957 1397 2000; x_wconf 84' lang='lat' dir='ltr'><strong>inveniendum</strong></span> <span class='ocrx_word' id='word_1_180' title='bbox 1422 1961 1506 2000; x_wconf 88' lang='lat' dir='ltr'><strong>sta-</strong></span> 
     </span>
    </p>
   </div>
   <div class='ocr_carea' id='block_1_11' title="bbox 260 2082 1516 2314">
    <p class='ocr_par' dir='ltr' id='par_1_11' title="bbox 260 2082 1516 2314">
     <span class='ocr_line' id='line_1_33' title="bbox 357 2082 1516 2130; baseline 0.003 -14"><span class='ocrx_word' id='word_1_181' title='bbox 357 2087 374 2116; x_wconf 94' lang='lat'>1</span> <span class='ocrx_word' id='word_1_182' title='bbox 401 2082 470 2117; x_wconf 86' lang='lat' dir='ltr'><strong>hoc</strong></span> <span class='ocrx_word' id='word_1_183' title='bbox 495 2093 559 2117; x_wconf 87' lang='lat' dir='ltr'><strong>om.</strong></span> <span class='ocrx_word' id='word_1_184' title='bbox 585 2085 639 2116; x_wconf 76' lang='lat' dir='ltr'><strong>Aa</strong></span> <span class='ocrx_word' id='word_1_185' title='bbox 656 2083 668 2126; x_wconf 80' lang='lat' dir='ltr'>ss</span> <span class='ocrx_word' id='word_1_186' title='bbox 687 2087 708 2117; x_wconf 89' lang='lat'>3</span> <span class='ocrx_word' id='word_1_187' title='bbox 733 2092 832 2117; x_wconf 84' lang='lat' dir='ltr'><strong>eram</strong></span> <span class='ocrx_word' id='word_1_188' title='bbox 857 2082 915 2118; x_wconf 84' lang='lat' dir='ltr'><strong>cui</strong></span> <span class='ocrx_word' id='word_1_189' title='bbox 939 2083 1113 2118; x_wconf 80' lang='lat' dir='ltr'><strong>debemus</strong></span> <span class='ocrx_word' id='word_1_190' title='bbox 1136 2086 1163 2117; x_wconf 85' lang='lat' dir='ltr'>B</span> <span class='ocrx_word' id='word_1_191' title='bbox 1186 2084 1199 2127; x_wconf 92' lang='grc' dir='ltr'><strong>ΙΙ</strong></span> <span class='ocrx_word' id='word_1_192' title='bbox 1218 2086 1239 2118; x_wconf 85' lang='lat'>5</span> <span class='ocrx_word' id='word_1_193' title='bbox 1263 2082 1403 2130; x_wconf 84' lang='lat' dir='ltr'><strong>hi&lt;n&gt;e</strong></span> <span class='ocrx_word' id='word_1_194' title='bbox 1427 2083 1485 2119; x_wconf 84' lang='lat' dir='ltr'><strong>Ro</strong></span> <span class='ocrx_word' id='word_1_195' title='bbox 1505 2086 1516 2130; x_wconf 70' lang='grc' dir='ltr'>Η</span> 
     </span>
     <span class='ocr_line' id='line_1_34' title="bbox 261 2127 1514 2176; baseline 0.001 -13"><span class='ocrx_word' id='word_1_196' title='bbox 261 2132 282 2163; x_wconf 86' lang='grc'>8</span> <span class='ocrx_word' id='word_1_197' title='bbox 306 2127 645 2175; x_wconf 78' lang='lat' dir='ltr'><strong>*extrahet&lt;ur&gt;(?)</strong></span> <span class='ocrx_word' id='word_1_198' title='bbox 675 2130 688 2174; x_wconf 81' lang='grc' dir='ltr'><strong>Ι]</strong></span> <span class='ocrx_word' id='word_1_199' title='bbox 718 2133 738 2163; x_wconf 89' lang='grc'><strong>9</strong></span> <span class='ocrx_word' id='word_1_200' title='bbox 771 2127 1024 2176; x_wconf 81' lang='lat' dir='ltr'><strong>extrahit&lt;ur&gt;</strong></span> <span class='ocrx_word' id='word_1_201' title='bbox 1050 2129 1119 2164; x_wconf 70' lang='grc' dir='ltr'><strong>Βοὴ</strong></span> <span class='ocrx_word' id='word_1_202' title='bbox 1142 2130 1155 2175; x_wconf 83' lang='grc' dir='ltr'><strong>ΙΙ</strong></span> <span class='ocrx_word' id='word_1_203' title='bbox 1173 2130 1214 2164; x_wconf 89' lang='lat' dir='ltr'><strong>ut</strong></span> <span class='ocrx_word' id='word_1_204' title='bbox 1244 2133 1416 2174; x_wconf 77' lang='lat' dir='ltr'><strong>sequatur</strong></span> <span class='ocrx_word' id='word_1_205' title='bbox 1439 2133 1514 2173; x_wconf 75' lang='lat' dir='ltr'><strong>AB,</strong></span> 
     </span>
     <span class='ocr_line' id='line_1_35' title="bbox 261 2174 1514 2220; baseline 0.001 -10"><span class='ocrx_word' id='word_1_206' title='bbox 261 2184 350 2210; x_wconf 80' lang='lat' dir='ltr'><strong>corr.</strong></span> <span class='ocrx_word' id='word_1_207' title='bbox 376 2175 433 2209; x_wconf 86' lang='lat' dir='ltr'><strong>Ro</strong></span> <span class='ocrx_word' id='word_1_208' title='bbox 451 2177 463 2220; x_wconf 83' lang='grc' dir='ltr'><strong>ΙΙ</strong></span> <span class='ocrx_word' id='word_1_209' title='bbox 484 2179 527 2210; x_wconf 88' lang='grc'>10</span> <span class='ocrx_word' id='word_1_210' title='bbox 552 2174 745 2220; x_wconf 84' lang='lat' dir='ltr'><strong>suscriptio</strong></span> <span class='ocrx_word' id='word_1_211' title='bbox 769 2178 799 2210; x_wconf 81' lang='grc' dir='ltr'><strong>Δ</strong></span> <span class='ocrx_word' id='word_1_212' title='bbox 816 2177 829 2220; x_wconf 81' lang='grc' dir='ltr'><strong>ΙΙ</strong></span> <span class='ocrx_word' id='word_1_213' title='bbox 848 2179 891 2210; x_wconf 82' lang='lat'><strong>12</strong></span> <span class='ocrx_word' id='word_1_214' title='bbox 917 2186 954 2211; x_wconf 82' lang='lat' dir='ltr'><strong>se</strong></span> <span class='ocrx_word' id='word_1_215' title='bbox 980 2185 1045 2211; x_wconf 89' lang='lat' dir='ltr'><strong>om.</strong></span> <span class='ocrx_word' id='word_1_216' title='bbox 1069 2179 1096 2211; x_wconf 75' lang='lat' dir='ltr'>B</span> <span class='ocrx_word' id='word_1_217' title='bbox 1119 2176 1132 2220; x_wconf 86' lang='grc' dir='ltr'><strong>ΙΙ</strong></span> <span class='ocrx_word' id='word_1_218' title='bbox 1159 2179 1202 2211; x_wconf 82' lang='grc'><strong>13</strong></span> <span class='ocrx_word' id='word_1_219' title='bbox 1227 2177 1269 2211; x_wconf 87' lang='lat' dir='ltr'><strong>ut</strong></span> <span class='ocrx_word' id='word_1_220' title='bbox 1292 2186 1357 2212; x_wconf 87' lang='lat' dir='ltr'><strong>om.</strong></span> <span class='ocrx_word' id='word_1_221' title='bbox 1382 2179 1409 2210; x_wconf 86' lang='lat' dir='ltr'>B</span> <span class='ocrx_word' id='word_1_222' title='bbox 1431 2177 1446 2220; x_wconf 80' lang='grc' dir='ltr'><strong>ΙΙ</strong></span> <span class='ocrx_word' id='word_1_223' title='bbox 1471 2180 1514 2211; x_wconf 77' lang='lat'><strong>14</strong></span> 
     </span>
     <span class='ocr_line' id='line_1_36' title="bbox 261 2221 1516 2267; baseline 0.002 -11"><span class='ocrx_word' id='word_1_224' title='bbox 261 2222 299 2256; x_wconf 86' lang='lat' dir='ltr'><strong>et</strong></span> <span class='ocrx_word' id='word_1_225' title='bbox 327 2222 453 2256; x_wconf 83' lang='lat' dir='ltr'><strong>tamen</strong></span> <span class='ocrx_word' id='word_1_226' title='bbox 489 2225 567 2266; x_wconf 82' lang='grc' dir='ltr'><strong>ΔΒ,</strong></span> <span class='ocrx_word' id='word_1_227' title='bbox 605 2233 694 2258; x_wconf 77' lang='lat' dir='ltr'><strong>corr.</strong></span> <span class='ocrx_word' id='word_1_228' title='bbox 726 2222 784 2258; x_wconf 85' lang='lat' dir='ltr'><strong>Ro</strong></span> <span class='ocrx_word' id='word_1_229' title='bbox 812 2224 826 2267; x_wconf 78' lang='lat' dir='ltr'>ss</span> <span class='ocrx_word' id='word_1_230' title='bbox 856 2226 899 2257; x_wconf 82' lang='lat'><strong>22</strong></span> <span class='ocrx_word' id='word_1_231' title='bbox 930 2221 1091 2257; x_wconf 84' lang='lat' dir='ltr'><strong>venisset</strong></span> <span class='ocrx_word' id='word_1_232' title='bbox 1119 2222 1337 2258; x_wconf 80' lang='lat' dir='ltr'><strong>multaretur</strong></span> <span class='ocrx_word' id='word_1_233' title='bbox 1367 2225 1397 2256; x_wconf 78' lang='grc' dir='ltr'><strong>Δ</strong></span> <span class='ocrx_word' id='word_1_234' title='bbox 1426 2223 1438 2267; x_wconf 76' lang='grc' dir='ltr'><strong>[Ι</strong></span> <span class='ocrx_word' id='word_1_235' title='bbox 1469 2227 1516 2258; x_wconf 77' lang='lat'><strong>24</strong></span> 
     </span>
     <span class='ocr_line' id='line_1_37' title="bbox 260 2266 495 2314; baseline 0.004 -12"><span class='ocrx_word' id='word_1_236' title='bbox 260 2266 413 2314; x_wconf 43' lang='lat' dir='ltr'><strong>&lt;sodex</strong></span> <span class='ocrx_word' id='word_1_237' title='bbox 437 2267 495 2303; x_wconf 83' lang='lat' dir='ltr'><strong>Ro</strong></span> 
     </span>
    </p>
   </div>
  </div>
 </body>
</html>
