1578 2470
241 102 326 143 382
722 104 1020 146 QUINTILIANI

648 221 1089 266 DEOLAMATIO.

328 303 614 358 Tyrannidem
651 320 766 359 paro.
826 305 943 347 vides
983 307 1116 348 enim:
1154 320 1249 348 cum
1281 307 1497 348 sceleratis

240 362 347 403 mihi
373 362 599 404 convenit?
630 363 820 405 revocari
841 363 981 404 exules
1001 364 1131 406 volo?
1163 379 1232 405 —:
1262 379 1347 406 non
1367 366 1496 407 etiam

241 422 345 461 tecta
382 420 555 462 illorum
586 422 765 463 consilia
795 421 1090 474 deprehendo?
1129 436 1183 463 an
1214 435 1311 477 ego,
1349 423 1385 464 si
1416 423 1498 464 hoc

194 486 214 516 5
240 477 511 532 cogitassem,
561 482 650 520 tam
700 482 845 532 aperte
894 480 1035 521 omnia
1085 479 1267 533 egissem
1315 482 1357 522 et
1404 481 1495 534 ipse

240 536 511 588 potissimum
555 537 607 578 ad
650 537 814 578 exulem
854 537 1052 578 ivissem?
1106 537 1300 591 protinus
1343 552 1409 579 me
1450 553 1498 579 ac

239 595 507 647 propositum
550 609 690 636 meum
732 596 900 636 nocenti
946 595 1234 648 aperuissem?
1289 610 1374 638 non
1417 596 1497 638 hoc

239 653 377 706 ipsum
422 653 571 693 timere
616 653 769 694 debui?
832 653 1077 694 adiecissem
1126 653 1223 694 huic
1266 653 1499 708 suspicioni

241 710 496 751 sententiam
529 725 677 763 meam,
708 714 756 751 ut
787 711 951 752 viderer
975 711 1126 752 timere
1151 711 1361 753 indicem?
1390 711 1499 753 nihil

174 776 215 808 10
241 767 365 809 debui
399 768 551 822 minus,
583 783 708 823 quam
741 768 784 809 in
817 772 931 810 metu
960 769 1099 822 ipsum
1124 771 1283 811 metum
1308 769 1497 823 prodere.

761 894 976 938 GCGLII.

344 975 469 1018 Reus
499 975 783 1029 tyrannidis,
817 976 898 1028 qui
929 974 1212 1019 deliberavit
1242 977 1394 1019 victor

665 1046 796 1075 arma
826 1033 1066 1086 deponere.

238 1114 308 1156 Ex
346 1125 610 1157 SUSPICIONE
648 1125 926 1156 TYRANNIDIS
968 1126 1038 1156 ΜΤ
1069 1125 1221 1157 ACTIO.
1283 1113 1498 1163 Quaedam

171 1183 212 1213 15
356 1173 523 1226 civitas,
574 1187 680 1227 quae
730 1173 843 1214 bello
893 1172 1140 1224 laborabat,
1189 1187 1284 1214 cum
1334 1172 1498 1215 duobus

354 1230 526 1284 proeliis
551 1231 664 1272 victa
690 1233 812 1284 esset,
838 1230 1081 1271 adulescens
1107 1229 1499 1285 dives<et>nobilis

355 1303 450 1330 cum
479 1302 695 1330 servorum
728 1292 770 1330 et
801 1288 1016 1330 clientium
1048 1302 1176 1330 manu
1207 1290 1372 1329 armata
1402 1303 1498 1342 pro-

356 1347 483 1388 cessit
524 1346 569 1387 in
611 1347 832 1401 proelium.
895 1346 1059 1401 fugavit
1096 1345 1255 1388 hostes.
1315 1347 1497 1400 populus

356 1405 547 1446 redeunti
578 1407 722 1458 portas
755 1405 888 1446 clusit.
934 1418 1028 1445 cum
1054 1406 1296 1458 aperturum
1324 1405 1498 1458 promit—

168 1472 212 1504 20
356 1466 483 1517 teret,
527 1462 563 1504 si
602 1478 719 1504 arma
755 1462 988 1517 posuisset,
1026 1462 1244 1516 respondit
1281 1462 1414 1515 dives,
1455 1476 1499 1504 se

357 1521 700 1563 deliberaturum.
772 1521 912 1563 triduo
957 1520 1218 1562 deliberavit.
1287 1520 1412 1561 rediit
1454 1520 1499 1561 in

355 1579 573 1621 civitatem
610 1579 762 1632 positis
801 1579 943 1620 armis.
1011 1593 1107 1620 reus
1146 1582 1212 1620 est
1248 1577 1499 1631 tyrannidis.

753 1693 981 1736 SERMO.

323 1777 511 1818 Divitem
559 1776 671 1817 hunc
714 1775 899 1816 dicemus
942 1777 1091 1815 natum
1135 1774 1317 1815 honesta
1360 1773 1499 1827 domo,

168 1845 210 1876 25
236 1837 357 1890 patre
401 1834 595 1888 militari,
637 1834 740 1875 forti
779 1834 891 1874 viro:
933 1847 960 1877 a
1005 1831 1153 1886 primis
1193 1833 1339 1873 statim
1377 1832 1499 1872 annis

238 1893 479 1935 adsuevisse
517 1891 658 1934 studio
699 1905 932 1944 armorum,
975 1903 1177 1944 magnum
1209 1903 1284 1943 per
1316 1904 1360 1930 se
1390 1889 1499 1930 mili-

237 1952 324 1993 tiae
367 1965 491 1992 usum
536 1949 772 2004 collegisse.
834 1963 928 1991 cum
966 1950 1107 1989 autem
1152 1947 1295 1989 subito
1335 1947 1495 1988 bellum

236 2010 474 2062 incidisset,
517 2009 678 2050 factum
722 2008 851 2049 alium
894 2007 1040 2047 ducem
1085 2019 1171 2048 non
1210 2005 1386 2055 iudicio,
1426 2004 1498 2046 sed

331 2116 350 2146 2
377 2111 495 2156 vides]
521 2110 661 2146 iudices
686 2114 712 2144 P
730 2112 742 2154 u
761 2114 783 2144 4
807 2110 908 2144 facta
931 2111 971 2152 A,
996 2109 1083 2143 ficta
1101 2111 1140 2151 B,
1166 2118 1255 2143 corr.
1276 2107 1332 2142 Ro
1350 2108 1362 2152 ss
1381 2110 1401 2141 6
1427 2106 1495 2141 mi-

237 2159 364 2193 sissem
391 2161 472 2201 AB,
507 2169 597 2193 corr.
625 2157 678 2192 Gr
695 2158 708 2200 11
728 2160 747 2191 7
774 2166 877 2191 meae
901 2158 928 2189 B
946 2155 958 2199 ΙΙ
979 2159 1022 2190 10
1050 2159 1090 2189 Ν
1120 2154 1179 2199 An
1201 2157 1243 2188 13
1269 2152 1370 2199 <an>
1395 2163 1498 2188 arma

238 2203 495 2251 deponere<t>
508 2204 576 2239 Sch
595 2204 607 2248 ΙΙ
627 2207 670 2238 16
683 2202 776 2249 (et)
792 2202 850 2238 Ro
868 2202 880 2246 ΙΙ
901 2206 942 2237 17
970 2203 1115 2236 armata
1139 2211 1204 2236 om.
1225 2202 1252 2233 B
1270 2201 1282 2244 fl
1300 2203 1344 2234 23
1371 2199 1498 2234 Sermo

236 2262 301 2287 oon.
327 2254 356 2284 A
373 2252 387 2295 ΙΙ
407 2255 451 2286 28
477 2251 613 2285 indicio
638 2252 738 2283 B-P
