1578 2470
411 101 831 141 DECLAMATIONES.
859 100 1004 137 CCCLI.
1257 98 1341 141 381

61 214 231 269 patriae
257 227 434 270 gravem
461 213 732 255 servitutem:
764 210 975 267 quaedam
1002 224 1047 252 se
1072 209 1346 264 comperisse.

58 272 139 316 has
183 273 274 316 eius
318 287 446 316 voces
483 272 748 328 frequentes,
792 284 890 313 cum
925 269 1037 312 forte
1075 268 1226 311 eadem
1262 268 1346 310 iter

61 333 242 389 faceret,
278 332 333 375 ad
371 331 548 375 divitem
590 331 798 386 perlatas3
850 331 893 371 et
934 327 1135 384 protinus
1178 330 1347 371 motum

62 393 145 436 tali
180 405 353 435 rumore
391 391 548 434 certius
588 389 748 446 aliquid
786 403 838 431 ex
874 389 970 443 ipso
1002 387 1192 430 voluisse
1225 387 1346 441 scire,

62 452 268 508 quidnam
312 451 411 493 exul
459 451 724 505 loqueretur:
771 463 826 491 an
876 462 998 490 arma
1042 446 1188 502 aliqua
1232 445 1347 502 apud

61 526 172 566 eum,
208 526 263 553 an
289 510 476 566 vestigia
503 509 659 551 saltem
684 507 925 564 tyrannidis
950 507 1131 563 reperiri
1158 507 1348 562 possent.

64 571 148 613 sibi
188 585 357 626 quoque
398 569 567 612 exulem
599 568 776 621 dixisse,
822 566 1024 622 apparari
1055 566 1347 621 tyrannidem,

63 630 138 673 sed
175 630 287 672 nihil
322 631 627 683 praeterquam
664 627 813 670 inania
849 626 982 669 verba
1020 640 1066 668 se
1105 625 1219 681 apud
1251 640 1349 668 eum

63 689 342 744 comperisse3
382 688 508 730 illum
540 689 683 730 autem
715 686 798 729 hoe
829 685 925 741 ipso
958 699 1202 741 accensum,
1235 685 1350 741 quod

62 749 226 792 fabulis
265 748 354 790 suis
392 747 605 790 iudicaret
641 746 772 788 etiam
805 760 830 787 a
861 745 994 788 divite
1024 744 1178 787 haberi
1208 745 1349 800 fidem,

62 822 152 851 non
182 807 416 862 distulisse,
448 806 560 862 quod
594 805 667 847 diu
700 806 952 860 cogitasset:
995 804 1166 846 misisse
1199 804 1253 846 ad
1286 818 1349 847 se-

62 870 215 909 natum
251 867 398 908 indicii
437 865 681 921 epistolam.
743 864 795 907 ad
833 865 1035 906 nuntium
1066 866 1158 906 tam
1191 863 1350 906 atrocis

62 926 127 969 rei
158 926 345 968 attonito
374 925 576 967 universo
609 926 761 966 senatu
787 923 964 966 divitem
989 923 1216 978 indicasse,
1249 922 1351 978 quid

65 986 158 1040 ipse
185 985 481 1040 comperisset,
507 982 868 1039 quemadmodum
895 982 978 1025 sibi
1004 997 1173 1037 quoque
1203 983 1351 1024 eadem

65 1044 372 1086 denuntiasset.
442 1043 712 1086 intellexisse
750 1057 907 1084 vanam
945 1042 1082 1096 illius,
1121 1042 1212 1084 sine
1250 1042 1352 1084 ullis

64 1103 351 1160 argumentis,
382 1117 549 1157 vocem3
587 1103 734 1158 itaque
766 1102 938 1156 dixisse,
968 1100 1078 1143 nihil
1111 1101 1220 1143 scire
1253 1115 1352 1143 exu-

64 1163 170 1204 lem:
210 1177 475 1217 supervaeuo
517 1161 722 1204 revocari.
786 1163 951 1203 eeteros
984 1163 1149 1214 autem,
1189 1161 1261 1215 qui
1294 1164 1354 1202 at-

65 1221 197 1264 toniti
231 1226 366 1276 erant,
398 1221 651 1276 decrevisse,
682 1221 794 1262 tanti
821 1234 910 1262 non
942 1234 1035 1262 esse
1062 1221 1189 1262 unius
1216 1220 1354 1262 exulis

64 1281 272 1335 reditum,
315 1282 363 1322 ut
407 1280 568 1322 diutius
613 1280 692 1322 tali
736 1282 854 1321 metu
901 1279 1091 1321 sollicita
1135 1281 1356 1321 teneretur

66 1340 231 1382 civitas.
287 1339 370 1382 hoc
407 1339 629 1381 decretum
662 1341 837 1381 senatus
867 1354 956 1381 non
988 1338 1188 1380 omnibus
1220 1338 1353 1380 fuisse

66 1402 219 1441 notum
250 1423 307 1430 -—
340 1398 500 1441 etenim
539 1398 820 1440 festinatione
859 1412 1029 1454 quoque
1066 1398 1112 1439 in
1144 1398 1355 1440 eiusmodi

68 1461 187 1500 metu
239 1458 518 1514 praecipitari
558 1457 696 1500 solere
745 1458 890 1500 omnia
931 1473 1002 1498 —:
1044 1458 1186 1512 legem
1223 1457 1356 1511 illam,

68 1532 178 1573 quae
229 1517 397 1559 exulem
446 1518 563 1558 intra
612 1518 719 1559 fines
770 1517 938 1558 iuberet
988 1516 1143 1572 occidi,
1191 1516 1355 1558 nemini

66 1576 203 1618 fuisse
239 1577 448 1632 ignotam.
510 1591 608 1618 eum
645 1576 799 1632 igitur,
843 1576 915 1630 qui
952 1576 1113 1618 multos
1154 1575 1356 1618 inimicos

67 1635 267 1691 haberet,
315 1650 403 1678 non
448 1636 647 1677 omnibus
694 1635 863 1677 decreto
909 1639 1101 1690 senatus,
1154 1635 1355 1677 omnibus

69 1695 161 1737 iure
193 1695 328 1737 exulis
365 1698 482 1750 noto,
515 1694 630 1737 intra
661 1695 769 1737 fines
802 1695 1001 1751 occisum,
1032 1709 1120 1736 non
1153 1709 1246 1737 esse
1279 1695 1357 1737 mi-

71 1754 265 1796 randum.

158 1813 344 1855 Multum
377 1813 552 1855 adiuvat
578 1813 623 1855 in
649 1813 900 1855 defensione
927 1828 1138 1868 personae
1165 1813 1356 1868 divitem,

70 1872 184 1928 quod
212 1875 279 1914 est
303 1873 490 1928 integer3
515 1873 562 1914 in
588 1887 674 1927 qua
697 1875 822 1927 parte
849 1873 981 1915 etiam
1003 1873 1180 1928 gloriari
1199 1875 1357 1927 potest,

71 1933 121 1972 ut
153 1930 279 1986 dieat,
312 1945 356 1973 se
390 1931 531 1973 odisse
564 1932 698 1973 etiam
730 1931 873 1973 aliena
905 1932 1076 1973 scelera.

170 2051 188 2082 1
219 2047 399 2082 servitute
424 2049 452 2080 B
484 2047 495 2092 ΙΙ
526 2051 546 2082 2
580 2047 794 2092 frequenter
825 2050 852 2082 B
882 2049 895 2094 11
926 2047 1091 2083 eadem
1124 2050 1155 2082 A
1184 2049 1198 2094 ΙΙ
1227 2052 1248 2083 3
1275 2059 1359 2093 pro—

72 2094 170 2130 latas
195 2097 222 2128 B
241 2095 254 2139 ΙΙ
273 2098 365 2129 5—-6
395 2095 510 2140 [apud
536 2095 637 2140 eum]
665 2094 722 2130 Ro
741 2096 753 2140 ΙΙ
780 2099 799 2130 ’7
826 2095 998 2140 apparati
1025 2098 1117 2129 AaB
1135 2096 1148 2141 ΙΙ
1174 2099 1216 2130 11
1245 2095 1359 2130 distu-

71 2141 180 2176 lisset
203 2144 230 2175 B
267 2143 280 2187 u
316 2141 478 2177 misisset
501 2145 594 2175 AaB
618 2143 632 2187 u
665 2146 707 2177 12
733 2142 900 2178 indicii
926 2145 957 2176 A
981 2144 994 2189 ΙΙ
1027 2146 1069 2178 15
1096 2143 1179 2178 sinu
1203 2146 1234 2177 A
1271 2144 1282 2189 ΙΙ
1316 2147 1358 2178 19

73 2189 202 2224 divitis
227 2192 254 2223 1²
284 2190 296 2235 ΙΙ
327 2193 370 2224 21
399 2188 678 2224 festinationem
705 2190 763 2234 ΒΙΙ
790 2193 835 2225 22
862 2189 1102 2236 praecipitari
1128 2191 1231 2226 modi
1256 2192 1359 2226 metu

73 2236 315 2281 praecipitari
340 2239 394 2271 Aa

1377 755 1420 787 10

1379 1051 1423 1083 15

1380 1348 1426 1381 20

1383 1645 1427 1677 25

1383 1942 1429 1974 30
