1578 2470
171 839 213 870 10

168 1209 210 1240 15

167 1499 210 1530 20

166 1789 211 1820 25

237 97 321 139 338
717 96 831 139 QUIN
836 98 998 133 TILIAN
1002 98 1017 132 1

236 203 361 257 dices,
392 203 555 245 vocem!
586 205 826 258 »torqueat,
850 204 1000 258 inquit,
1025 204 1169 246 modo:
1200 206 1336 247 mater
1357 219 1496 247 sum«

238 261 354 302 aliud
391 263 458 302 est
488 261 651 314 nutrix,
695 263 737 302 et
767 262 941 316 ancilla,
984 265 1026 303 et
1056 264 1280 317 torquente
1311 262 1493 305 domino.

238 331 329 373 age,
360 333 455 360 cum
487 319 531 360 in
561 319 642 361 hac
671 333 774 361 voce
801 334 1044 374 supremum
1069 321 1261 375 posueris
1286 321 1495 375 spiritum,

238 377 303 418 cui
329 377 524 419 iuvenem
550 377 754 418 reddituri
780 378 952 419 sumus?
978 378 1148 419 volesne
1171 378 1292 420 illum
1311 379 1364 420 ad
1382 379 1495 420 hunc

239 436 405 488 patrem
436 435 593 476 reverti
624 438 667 476 et
698 435 751 476 ad
781 435 902 476 illam
932 435 1189 478 novercam?

702 548 1042 594 GCGXXXIX.

575 630 776 683 Rogatio
807 630 1153 674 Demosthenis.

237 712 523 766 Rogationem
564 712 649 753 fert
678 712 1006 766 Demosthenes,
1047 727 1101 754 ne
1144 713 1229 767 illi,
1271 713 1343 768 qui
1379 714 1491 768 apud

355 769 644 812 Chaeroneam
663 771 777 824 capti
797 773 917 812 erant
937 786 962 812 a
981 771 1176 826 Philippo
1203 773 1246 813 et
1270 772 1405 826 gratis
1431 786 1492 814 re-

359 829 489 883 missi,
521 828 709 870 consiliis
741 829 923 882 publicis
955 829 1167 871 intersint.
1196 827 1240 871 C.
1259 829 1310 871 D.

657 942 1096 986 DECLAMATIO.

323 1025 577 1080 Priusquam
622 1040 770 1067 causas
813 1026 1050 1080 rogationis
1091 1040 1210 1068 meae
1253 1040 1495 1081 persequar,

236 1082 531 1137 Athenienses,
569 1084 777 1125 succurrit
810 1083 916 1124 mihi
947 1084 1121 1125 laudare
1148 1098 1237 1138 vos,
1269 1087 1312 1125 et
1336 1084 1498 1137 ad[co]-

237 1154 450 1196 gnoscere.
511 1144 610 1195 post
652 1141 874 1183 adversum
914 1142 1142 1196 proelium,
1180 1141 1292 1196 quod
1329 1143 1498 1196 quidem

237 1199 337 1254 ipsi,
375 1199 447 1253 qui
486 1199 612 1240 rebus
643 1198 834 1253 Philippi
864 1199 1028 1252 favent,
1067 1199 1210 1241 dolore
1243 1213 1292 1256 ae
1320 1201 1498 1242 rumori-

237 1257 316 1299 bus
354 1257 400 1298 in
435 1258 575 1298 maius
613 1257 839 1311 extollunt,
876 1271 962 1298 non
998 1271 1147 1311 pacem
1182 1257 1374 1311 petistis,
1410 1272 1498 1300 non

236 1316 287 1357 de
325 1315 643 1357 condicionibus
681 1315 778 1356 ullis
817 1329 911 1356 cum
948 1315 1069 1357 hoste
1105 1315 1341 1370 tractastis3
1379 1316 1497 1370 ipsos

237 1373 368 1415 etiam
410 1374 640 1427 repetendo
685 1373 876 1427 captivos
919 1373 1000 1414 hoc
1043 1373 1309 1427 ostendistis,
1353 1387 1499 1415 curam

238 1446 330 1474 esse
363 1431 497 1485 vobis,
528 1434 575 1472 ut
604 1432 761 1473 bellum
794 1431 884 1487 geri
909 1434 1065 1486 posset.
1109 1431 1151 1472 id
1179 1431 1309 1485 [cum]
1335 1431 1497 1473 fecistis

238 1490 390 1543 (cum)
444 1504 522 1543 pro
577 1490 786 1531 maiorum
837 1494 1075 1531 vestrorum
1125 1490 1322 1544 opinione
1370 1492 1498 1544 atque

236 1548 362 1589 laude
394 1550 642 1602 servataque
678 1562 810 1601 usque
843 1548 895 1589 ad
926 1547 1006 1589 hoc
1037 1551 1203 1602 tempus
1235 1548 1373 1603 gloria
1403 1547 1500 1589 civi-

236 1606 355 1659 tatis,
382 1608 474 1647 tum
499 1606 629 1647 etiam
656 1605 721 1660 (ut
746 1605 950 1661 arbitror)
977 1606 1141 1647 ratione
1168 1606 1360 1660 quadam,
1386 1605 1499 1660 quod

235 1678 315 1705 nos
353 1664 486 1705 victos
528 1678 615 1705 non
650 1666 739 1704 tam
776 1664 934 1705 virtute
978 1664 1129 1717 hostis,
1173 1678 1300 1718 quam
1342 1678 1499 1717 eorum,

237 1722 308 1775 qui
327 1735 520 1776 pugnare
544 1722 793 1775 noluissent,
818 1722 971 1763 timore
997 1721 1321 1763 existimabatis.
1353 1735 1498 1776 quam-

236 1780 343 1821 libet
378 1779 511 1834 igitur
548 1780 729 1834 obliquis
768 1779 1006 1821 actionibus
1042 1793 1142 1834 pars
1179 1778 1362 1832 diversa,
1399 1779 1498 1820 dum

239 1838 350 1879 tueri
386 1838 502 1879 mille
539 1838 647 1879 istos
686 1837 877 1891 captivos
915 1837 1098 1891 videtur,
1135 1851 1281 1891 pacem
1312 1836 1500 1892 suadeat,

240 1896 431 1936 animum
479 1897 764 1950 virtutemque
810 1895 995 1937 civitatis
1039 1895 1261 1936 debilitare
1305 1897 1499 1937 conetur:

240 1967 319 2008 ego
363 1954 516 2008 loquor
559 1954 671 2008 apud
714 1968 803 2008 eOS,
851 1954 923 2008 qui
964 1967 1050 1995 non
1091 1953 1345 1995 defecerunt.
1417 1951 1498 1994 Sed

334 2059 351 2089 1
378 2058 593 2099 torqueatur
616 2059 643 2089 B
662 2057 675 2100 l}
699 2060 718 2091 7
744 2056 977 2091 Demostenis
1003 2058 1032 2089 A
1062 2056 1074 2100 ss
1105 2060 1125 2091 9
1151 2055 1376 2090 Cheroneam
1401 2057 1466 2087 ΑΒ
1486 2054 1499 2100 ΙΙ

236 2103 420 2147 Phylippo
444 2105 545 2136 13—1’
563 2104 575 2148 ΙΙ
596 2106 638 2137 12
665 2103 783 2137 causis
807 2105 837 2136 A
855 2102 866 2146 ΙΙ
885 2113 1085 2147 prosequar
1108 2105 1134 2136 B
1161 2102 1172 2146 ΙΙ
1198 2105 1240 2136 13
1266 2100 1499 2136 Athinienses

236 2151 266 2182 Δ
290 2149 302 2193 ΙΙ
326 2149 632 2195 ad[co]gnoscere
658 2149 711 2184 Gr
735 2150 746 2194 ΙΙ
775 2153 816 2184 15
843 2160 927 2184 acro
951 2149 1113 2184 moribus
1138 2151 1164 2182 B
1189 2149 1201 2192 ΙΙ
1228 2151 1270 2182 19
1294 2147 1411 2192 possit
1434 2149 1461 2180 B
1486 2147 1498 2193 Η

239 2199 375 2230 19-20
403 2195 518 2241 [cum]
544 2195 610 2231 fec.
636 2194 774 2242 <cum>
798 2195 855 2230 Ro
879 2197 891 2240 ΙΙ
910 2198 955 2230 24
979 2193 1168 2230 novissent
1191 2196 1278 2228 AaB
1297 2194 1308 2239 ΙΙ
1327 2197 1370 2228 27
1397 2193 1497 2229 devi-

237 2241 348 2277 litare
373 2244 403 2275 A
421 2243 432 2287 ΙΙ
452 2245 495 2276 28
522 2241 722 2277 defecerint
746 2245 834 2276 AaB
