1604 2488
400 112 463 148 DE
470 111 824 149 CLAMATIONES.
854 112 880 148 C
885 111 1074 148 CLXXIX.
1294 111 1315 152 1
1322 111 1377 155 37

97 221 255 276 dicare,
291 221 408 263 istud
447 221 561 277 quod
607 220 712 264 fecit
754 221 937 263 maritus
980 235 1070 263 non
1101 220 1214 263 licet.
1275 221 1380 263 alio-

93 281 168 337 qui
200 281 314 323 enim
344 281 618 323 tolerabilius
651 283 694 322 et
725 283 839 323 certe
869 279 1102 322 humanius
1129 282 1234 334 erat,
1267 280 1379 322 arbi·

89 340 224 383 trium
267 340 337 382 vel
382 339 603 382 occidendi
649 339 831 382 adulteri
875 339 944 382 vel
984 342 1161 394 accepta
1196 339 1379 394 pecunia

93 399 340 442 dimittendi
366 399 597 441 transferri
617 399 670 441 ad
691 401 852 454 patres,
878 398 1084 454 quoniam
1109 400 1223 440 certe
1243 398 1379 441 levius

95 461 163 501 est
194 460 340 501 vetare
373 458 532 513 aliqua,
564 472 693 513 quam
724 458 889 514 punire.
1405 468 1427 500 5

182 539 254 583 Sic
291 541 607 596 defenderetur,
646 541 683 583 si
719 541 811 583 iure
842 544 986 583 tecum
1020 543 1180 596 ageret.
1242 541 1379 595 ipsius

91 613 195 643 vero
233 599 340 643 facti
377 600 447 642 vel
482 601 564 643 hoc
602 599 752 642 modo·
770 600 982 642 rationem
1017 600 1143 642 facile
1174 599 1378 642 reddidis-

93 673 204 702 sem:
235 673 324 702 non
355 661 421 701 est
452 659 567 703 istud
598 662 735 715 turpe,
768 659 883 715 quod
915 660 984 701 lex
1015 659 1243 714 permittit.
1286 673 1379 714 „ac-

94 720 220 774 cepta
249 719 434 773 pecunia
466 718 708 761 dimisistif‘
737 718 822 760 nisi
849 721 1082 774 oporteret,
1111 732 1190 760 nec
1216 718 1380 761 liceret.

93 791 150 820 an
190 792 294 820 vero
325 792 479 833 parum
512 779 649 820 sancti
680 778 748 820 illi
781 777 981 820 videntur
1013 778 1147 820 fuisse
1179 778 1380 832 maiores,
1408 787 1452 818 10

92 836 157 878 illi
200 837 508 879 constitutores
553 837 677 891 iuris,
722 837 794 892 qui
842 837 1042 879 civitates
1081 836 1220 879 adhuc
1261 836 1381 879 velut

93 895 272 951 antiquo
304 895 382 938 illo
416 910 558 938 errore
591 896 792 938 confusas
826 896 877 938 ad
906 899 1069 939 certam
1094 895 1269 939 vivendi
1295 896 1379 938 for—

96 969 213 996 mam
242 954 532 1010 redegerunt‘?
587 955 676 997 illis
713 969 802 997 non
840 958 907 997 est
946 955 1088 997 visum
1117 955 1239 997 nefas
1273 955 1381 997 acci-

89 1027 192 1069 pere
234 1013 483 1068 pecuniam,
535 1014 610 1056 sed
655 1016 698 1056 et
741 1014 854 1056 hanc
897 1015 1070 1069 plenam
1109 1014 1382 1056 animadver—

92 1072 252 1114 sionem
295 1074 575 1129 putaverunt3
639 1073 750 1116 sicut
803 1074 1008 1129 pleraque
1053 1073 1213 1116 delicta
1247 1073 1378 1131 puni·
1408 1083 1452 1114 15

89 1134 238 1173 untur:
274 1145 413 1186 neque
452 1132 566 1175 enim
605 1146 774 1188 semper
811 1147 945 1188 usque
985 1133 1039 1175 ad
1070 1135 1255 1175 mortem
1285 1147 1380 1187 per-

89 1190 269 1233 venitur.
341 1189 479 1233 Credo
524 1193 670 1234 autem
718 1192 861 1246 illum,
906 1192 1100 1247 quisquis
1146 1191 1229 1234 fuit
1272 1192 1380 1247 legis

95 1248 274 1291 huiusce
301 1250 577 1305 constitutor,
607 1251 687 1292 illa
711 1251 830 1293 intra
857 1266 901 1293 se
928 1251 1157 1306 cogitasse,
1181 1265 1267 1293 non
1296 1264 1384 1292 om-

94 1308 217 1350 nium
249 1308 416 1350 animos
441 1310 697 1352 maritorum
725 1310 877 1352 durare
905 1310 957 1352 ad
984 1310 1258 1365 sanguinem3
1290 1323 1382 1351 esse

96 1366 307 1422 quosdam
338 1367 551 1423 mitiores,
590 1369 663 1423 qui
694 1383 748 1410 ne
781 1369 1026 1423 conspicere
1058 1369 1231 1423 quidem
1265 1382 1383 1410 cruo-
1409 1379 1455 1410 20

98 1440 189 1468 rem
222 1425 479 1468 sufficerent.
523 1428 651 1468 multi
683 1442 729 1469 se
762 1442 787 1469 a
813 1428 1106 1483 gladiatorum
1131 1427 1382 1470 vulneribus

97 1487 312 1539 avertunt,
343 1488 388 1527 et
417 1499 676 1541 quamquam
706 1501 833 1528 nemo
863 1486 1031 1529 dubitet
1059 1488 1102 1528 et
1127 1486 1237 1528 illud
1263 1499 1383 1542 spec-

93 1543 287 1586 taculum
325 1543 371 1586 in
408 1547 531 1600 parte
570 1559 664 1588 esse
700 1560 957 1600 poenarum,
994 1548 1143 1588 tamen
1172 1545 1383 1600 nequissi-

98 1616 269 1645 morum
305 1617 475 1659 quoque
506 1604 732 1646 hominum
765 1619 964 1660 suprema
997 1605 1190 1660 pericula
1219 1603 1384 1647 habent

97 1676 220 1704 suam
252 1662 451 1717 gratiam.
499 1662 565 1706 De
593 1664 838 1719 spectaculo
864 1664 1036 1719 loquor:
1070 1664 1383 1719 cogitaverunt,
1409 1674 1456 1706 25

96 1722 258 1776 quanto
296 1724 410 1764 esset
447 1721 664 1765 difficilius
704 1723 916 1779 occidere3
954 1738 1004 1766 ac
1046 1724 1237 1766 scierunt
1268 1723 1380 1765 futu-

93 1793 203 1835 rum,
233 1783 283 1823 ut
314 1780 350 1822 si
381 1795 513 1823 unam
543 1781 656 1824 hanc
687 1783 841 1825 mortis
873 1785 1236 1837 poenam'contra
1262 1782 1383 1824 adul-

92 1841 211 1882 teros
251 1840 600 1895 constituissent,
643 1841 812 1896 saepius
844 1842 1005 1897 inpune
1038 1842 1382 1884 committeretur

93 1898 362 1941 adulterium.
430 1900 749 1942 constituerunt
787 1914 891 1956 ergo
929 1915 1116 1955 poenam
1155 1903 1198 1942 et
1235 1915 1381 1942 secun-

192 2066 209 2096 1
238 2061 406 2106 alioquin
431 2065 461 2095 A
486 2063 499 2105 Ι]
523 2066 543 2097 5
570 2064 699 2097 vetere
725 2065 777 2096 Aa
797 2064 807 2108 ΙΙ
834 2067 854 2098 6
882 2062 1103 2098 defendetur
1129 2063 1194 2099 sed
1218 2063 1298 2099 iure
1323 2067 1350 2097 B
1370 2065 1382 2109 Η

96 2111 115 2143 Ἷ
146 2119 234 2144 vero
266 2119 353 2144 vero
386 2111 415 2142 Δ
452 2110 464 2154 ΙΙ
501 2109 611 2144 modo
645 2109 901 2145 odorationem
925 2113 973 2153 B,
1018 2122 1065 2144 m.
1093 2110 1141 2146 ad
1173 2110 1382 2146 orationem

93 2159 120 2190 Ρ
150 2157 163 2199 ΙΙ
195 2160 239 2192 10
263 2166 352 2191 vero
377 2166 446 2191 om.
470 2159 497 2190 B
528 2157 541 2200 n
573 2160 618 2190 14
644 2156 709 2191 sed
735 2157 788 2203 et]
816 2157 881 2192 sed
908 2160 945 2193 et
970 2157 1018 2193 ad
1043 2160 1070 2191 B
1096 2159 1108 2203 ΙΙ
1132 2157 1269 2204 ha[n]c
1293 2169 1382 2204 poe-

93 2203 215 2249 na[m]
242 2203 291 2238 Pa·
309 2204 321 2248 ΙΙ
340 2203 674 2239 animadversionis
706 2206 781 2248 AB,
819 2215 913 2240 corr.
939 2204 998 2240 Ro
1029 2205 1041 2249 ΙΙ
1075 2210 1117 2241 16
1146 2216 1214 2241 1166
1239 2207 1266 2239 B
1291 2207 1303 2251 Η
1338 2209 1380 2240 17

94 2250 318 2294 perveniunt
341 2253 428 2294 AB,
454 2261 546 2286 corr.
572 2250 631 2286 Ro
662 2252 673 2295 u
697 2254 743 2285 22
768 2252 963 2296 tamquam
987 2254 1064 2294 AB,
1091 2262 1182 2289 corr.
1211 2253 1263 2288 Pi
1293 2254 1304 2298 Η
1335 2255 1382 2287 24

95 2295 236 2332 habent
260 2308 365 2332 suam
391 2308 457 2332 om.
484 2300 511 2331 B
531 2298 542 2342 ΙΙ
562 2301 607 2333 29
634 2298 850 2345 secundam]
878 2299 1038 2334 servadu
1063 2304 1090 2334 P
