1604 2488
383 92 805 130 DECLAMATIONES.
835 91 1039 129 CCLXXX.
1258 93 1341 134 141

59 203 135 260 qm'
166 201 409 246 educendus
441 204 519 256 est,
550 201 844 245 contradicere
875 201 1034 243 liceat?
1069 216 1124 244 an
1157 215 1343 256 aequum

60 262 148 306 sit‘?
180 276 265 317 quo
297 261 442 304 animo
472 261 544 304 hic
574 262 844 304 contradicat.

151 320 248 364 Scio
274 335 402 376 posse
429 321 589 376 quaeri,
615 336 672 363 an
696 320 775 362 illa
800 319 1008 375 quaestio,
1034 334 1144 375 quae
1173 319 1228 363 ad
1251 334 1345 375 per·

61 395 215 424 sonam
245 380 455 436 pertinet,
496 381 578 436 †et
620 379 666 422 in
707 379 850 435 prima
880 381 1005 434 parte
1035 379 1236 434 ponenda.
1267 381 1347 433 est,

59 454 171 495 quae
203 454 228 482 a
260 453 329 481 me
361 454 492 494 supra
524 439 763 481 constituta
788 440 864 481 est.
897 451 978 493 ego
1004 438 1168 494 aliquid
1193 437 1239 480 in
1263 438 1347 481 hoc

62 498 212 541 ordine
249 498 381 541 etiam
417 498 609 540 themate
647 497 856 553 spectavi,
901 511 987 552 quo
1032 498 1128 540 loco
1169 497 1346 553 ponitur

60 557 182 614 illud,
213 557 330 613 quod
359 559 528 599 tacente
559 559 733 612 raptore
765 556 835 598 hic
861 556 1080 612 loquatur,
1112 556 1214 612 quid
1240 556 1348 599 velit

63 617 252 672 spectari
270 617 298 669 †
338 619 382 658 et
418 616 547 670 illud,
588 616 702 671 quod
745 615 1003 671 adfectibus,
1047 615 1120 671 qui
1157 616 1347 658 secuturi

62 678 181 730 sunt,
224 675 365 731 magis
408 675 515 718 haec
558 676 772 731 quaestio,
815 690 945 730 quam
982 675 1074 717 ulla
1120 674 1207 717 alia
1247 689 1348 717 con-

58 735 206 777 iuncta
236 738 314 778 est,

481 804 927 848 DECLAMATIO.

154 885 200 930 Si
231 887 543 930 contradiceret
574 888 686 943 ipse,
724 887 798 943 qui
828 887 990 942 rapuit,
1028 886 1072 929 id
1103 888 1186 942 est,
1228 886 1266 929 si
1295 886 1349 929 ti-

63 949 212 1002 meret,
244 947 306 988 sic
336 961 416 1002 pro
450 960 495 988 se
527 949 693 1002 ageret:
726 946 903 989 educere
933 947 1017 989 tibi
1043 946 1097 989 ad
1123 946 1351 1002 magistra-

62 1007 134 1047 tus
172 1007 393 1060 raptorem
429 1019 517 1048 non
548 1005 668 1060 licet,
706 1005 791 1048 nisi
830 1005 992 1048 statim.
1053 1005 1214 1061 quare?
1247 1019 1348 1060 quo-

61 1063 182 1106 niam
201 1064 394 1107 omnium
418 1065 487 1107 vel
512 1078 749 1120 poenarum
775 1064 845 1107 vel
866 1064 1158 1119 praemiorum
1177 1067 1349 1119 tempus

64 1125 140 1165 aut
177 1123 463 1166 constitutum
500 1126 567 1166 est
605 1126 679 1166 aut
709 1138 925 1179 praesens.
971 1124 1171 1179 quotiens
1202 1123 1353 1166 finitur

64 1181 174 1237 dies,
229 1183 540 1238 expectandus,
603 1184 801 1239 quotiens
851 1197 953 1225 vero
1002 1197 1090 1225 non
1143 1182 1351 1236 differtur,

63 1254 270 1295 praesens
302 1243 378 1284 est.
440 1242 588 1297 itaque
620 1242 732 1284 sicut
763 1242 859 1297 (si)
893 1242 983 1284 dies
1015 1242 1210 1296 finiatur,
1240 1241 1351 1282 nihil

65 1299 179 1342 ultm
210 1314 308 1343 eum
339 1300 446 1343 iuris
472 1301 665 1343 futurum
691 1303 775 1343 est:
807 1301 872 1343 ita
904 1301 972 1342 die
1003 1315 1091 1343 non
1118 1299 1349 1355 praefinito

65 1359 309 1412 proximum
346 1374 439 1402 esse
478 1360 758 1402 manifestum
801 1362 885 1412 est,
930 1359 1037 1413 (ut)
1081 1359 1191 1401 nihil
1235 1358 1351 1401 ultra

64 1421 320 1472 praesentem
351 1418 516 1472 iu<ri>s
549 1418 618 1460 sit.
678 1418 721 1459 id
753 1433 900 1474 porro,
933 1418 1048 1473 quod
1079 1418 1125 1459 in
1157 1418 1352 1474 quolibet

164 1525 186 1556 2
219 1520 355 1556 educat
384 1523 466 1565 AB,
504 1532 595 1558 corr.
624 1522 696 1557 Sch
729 1523 790 1567 (cf.
817 1522 1004 1568 vulyatam
1028 1522 1133 1557 illam
1157 1525 1282 1558 notam
1303 1514 1353 1558 ὦ

71 1585 116 1598 ==
137 1567 406 1614 contraffieitW
429 1572 451 1603 4
477 1567 516 1605 111
540 1580 606 1606 om.
632 1572 686 1604 Aa
704 1571 716 1615 ss
737 1574 756 1605 7
782 1568 953 1605 ordinem
977 1572 1003 1602 Ρ
1021 1569 1034 1614 ΙΙ
1054 1573 1074 1604 9
1100 1570 1270 1614 spectare
1295 1572 1322 1603 Β
1340 1570 1354 1616 Η

64 1619 163 1651 2-8
189 1615 444 1651 contradicat?
482 1616 559 1652 scio
584 1627 694 1662 posse
719 1620 780 1652 etc.
810 1637 854 1642 —
879 1615 1062 1662 pertinet,
1091 1616 1162 1663 [et]
1189 1615 1228 1652 in
1254 1629 1289 1662 p.
1316 1629 1350 1662 p.

67 1661 184 1744 Ξείἓὲξ
204 1661 490 1745 ἓξὲξὶὲἒᾶἕθ]
517 1665 925 1758 ἛΘῶηῗφὲᾗέἕὲ
951 1663 999 1699 ‘²¹’
1014 1663 1049 1745 ii·
1070 1663 1106 1698 ¹²·
1125 1674 1150 1745 ἓ
1151 1663 1352 1746 “ff-1¹¹5?

68 1757 205 1802 quatur
229 1756 354 1803 †quid
378 1722 536 1802 veliti-kq
550 1758 718 1803 spectavi
744 1759 784 1793 et
807 1758 901 1794 illud
926 1722 989 1793 etld:
1017 1722 1099 1800 Rdl,
1123 1769 1227 1803 quem
1251 1740 1353 1804 sequi

66 1804 190 1848 velim,
224 1808 316 1840 certe
346 1806 434 1840 dum
461 1806 693 1850 probabilius
717 1806 862 1851 aliquid
881 1806 1108 1850 proferatur.
1161 1805 1352 1852 Subiunyo

65 1862 159 1896 quae
191 1851 269 1897 ipse
293 1855 533 1895 tentaveram,
567 1863 648 1888 cum
674 1856 820 1898 partem
844 1853 998 1896 fortasse
1022 1854 1098 1888 veri
1123 1853 1352 1890 contineant:

67 1897 324 1934 contradicat?
350 1919 395 1925 -—
422 1911 495 1944 quo
521 1900 604 1935 loco
629 1911 665 1945 p.
692 1900 802 1935 illud:
829 1898 930 1944 quod
954 1900 1027 1935 tac.
1054 1911 1083 1934 r.
1106 1899 1142 1934 h.
1164 1900 1351 1946 loquatur,

70 1945 159 1990 quid
188 1944 303 1981 veh‘t‘?
330 1947 391 1990 (cf.
411 1957 451 1991 p.
473 1948 539 1990 38,
558 1949 604 1981 21
619 1958 669 1991 sq.
696 1958 745 1982 an
770 1947 864 1982 haec
889 1946 1038 1991 rogatio
1065 1948 1198 1982 contra
1228 1947 1352 1993 legem

69 1991 234 2028 feratur?
266 2013 311 2019 —-
341 1993 380 2028 in
412 1993 515 2028 cuius
547 1994 653 2038 parte
686 1993 761 2029 sint
784 2004 935 2029 necesse
967 1995 1026 2029 est
1049 1994 1116 2028 illa
1146 1996 1225 2039 etc.)
1275 1995 1352 2030 scio

67 2049 180 2084 posse
210 2051 272 2084 qu.
321 2044 355 2075 et
378 2044 507 2085 postea
538 2051 608 2086 ego
642 2040 689 2076 al.
722 2041 745 2077 i.
779 2042 851 2076 hoc
877 2040 1007 2076 ordine
1034 2041 1150 2076 etiam
1173 2041 1351 2087 thematis

68 2098 124 2131 sp.
161 2088 216 2123 vel
257 2088 411 2131 fortasse
454 2098 543 2133 ergo
581 2087 629 2122 al.
662 2088 685 2122 i.
719 2088 790 2123 hoc
826 2089 994 2123 themate
1032 2088 1147 2124 etiam
1184 2088 1353 2124 ordinem

70 2132 239 2179 spectavi
277 2135 363 2180 (hoc
389 2155 434 2160 —
467 2136 582 2180 spect.
620 2136 819 2171 secundwm
855 2135 954 2180 Aer).
1005 2146 1056 2170 an
1094 2137 1262 2181 spectate
1288 2135 1351 2181 (ἓ).

69 2182 237 2226 spectate
263 2184 302 2217 et
324 2182 378 2217 ill.
410 2183 422 2228 u
455 2186 497 2217 13
523 2181 786 2227 magistratum
810 2185 837 2216 B
862 2184 874 2229 ΙΙ
901 2186 943 2217 18
969 2182 1022 2218 sic
1047 2185 1074 2216 B
1099 2183 1112 2229 n
1135 2181 1195 2231 <si
1247 2183 1323 2219 Aer
1341 2183 1355 2230 ΙΙ

73 2230 116 2263 19
140 2227 213 2264 iuri
237 2231 267 2263 Δ
291 2230 303 2274 ss
328 2233 373 2264 20
398 2228 496 2277 (ut)
521 2230 597 2265 Aer
621 2230 632 2274 ss
658 2233 700 2264 21
728 2230 939 2275 proximum
963 2233 1044 2275 AB,
1071 2241 1160 2267 corr.
1226 2241 1246 2266 o
1264 2231 1277 2275 ΙΙ
1295 2230 1352 2265 ius

70 2274 121 2309 sit
144 2277 186 2319 Δ,
211 2275 321 2311 iussit
344 2279 381 2320 B,
409 2287 498 2312 corr.
525 2276 584 2312 Ro
871 2287 874 2291 ’

1375 745 1419 778 10

1378 1076 1420 1109 15

1376 1371 1422 1403 20
