1604 2488
130 715 172 747 10

129 1004 170 1036 15

127 1293 171 1326 20

128 1583 171 1615 25

200 70 221 111 1
228 69 284 111 84
677 69 791 113 QUIN
796 70 980 106 TILIANI

199 176 408 231 quomodo
446 176 728 229 educaverim3
772 175 881 218 nihil
916 176 1021 218 mihi
1058 176 1268 219 obiectum
1305 179 1370 219 est
1406 192 1453 220 in

199 237 339 276 aetate
369 234 520 288 prima,
550 234 670 276 nulla
700 234 847 276 fabula
879 236 976 276 ante
1006 236 1175 288 partum
1200 237 1344 278 secuta
1370 238 1455 277 est:

196 307 312 334 ream
343 292 447 334 facit
479 306 607 333 anum
638 296 680 333 et
710 292 874 334 iuvenis
906 294 1119 333 matrem«
1172 295 1221 335 tu
1249 307 1317 335 me
1347 293 1452 335 iudi-

199 364 288 392 cem
313 350 512 403 faciebas,
542 349 618 391 illa
643 352 809 392 testem.
840 350 1065 392 accedebat
1088 349 1154 392 his
1180 350 1287 392 illud
1311 351 1455 406 etiam,

199 407 310 462 quod
346 422 433 449 non
465 408 759 450 existimabam
796 411 887 450 tam
919 422 1113 462 asperam
1142 408 1263 450 illam
1293 409 1453 451 dissen—

198 467 379 520 sionem,
398 463 486 508 'nec
516 480 660 507 veram
692 479 781 507 esse
813 466 951 519 litem,
989 479 1097 520 quae
1128 466 1182 508 ad
1211 466 1347 508 filium
1377 466 1452 508 du-

198 524 381 566 cebatur.
443 523 699 565 videbamini
736 524 842 565 mihi
879 537 1081 577 quaerere
1117 524 1455 566 intercessorem.

198 581 312 623 aliud
343 581 524 624 fortasse
556 581 695 634 fuerit,
727 582 840 635 quod
863 583 906 622 te
930 583 1080 635 postea
1104 581 1344 624 concitarit:
1375 582 1453 624 illo

196 642 388 694 tempore
426 639 535 680 nihil
574 639 711 680 faeere
747 639 936 681 melioris
974 640 1136 694 mariti,
1178 639 1286 681 nihil
1315 639 1454 681 indul-

199 697 408 751 gentioris
457 697 649 751 potuisti.
728 697 781 738 ad
830 711 925 739 eum
973 696 1153 739 iudicem
1200 697 1455 753 perduxeras

198 769 387 809 uxorem,
419 755 490 810 qui
520 755 721 796 damnare
751 769 839 796 non
869 757 1026 809 posset.

283 812 373 867 „At
399 813 511 854 enim
535 815 684 867 postea
708 813 788 854 hoc
814 813 972 855 crimen
996 812 1212 867 probavi.“
1241 812 1340 855 Non
1366 813 1455 854 iam

196 871 430 925 respondeo
456 871 552 924 ista,
578 885 685 925 quae
711 870 809 923 dixi,
834 871 972 925 †aliis
999 871 1243 912 muneribus
1264 871 1455 925 accipere

196 929 268 971 iud
311 932 607 970 extraneorum
656 931 854 969 naturam
904 931 1029 983 qua†
1078 929 1260 971 fortasse
1302 929 1454 970 iratior

198 987 334 1028 existi.
372 1001 460 1028 non
491 1000 657 1040 semper
689 987 843 1028 erroris
875 986 1018 1028 odium
1043 1000 1172 1040 penes
1198 999 1455 1042 eognoscen—

195 1046 260 1086 tes
294 1047 375 1086 est:
408 1043 634 1099 aliquando
667 1058 793 1085 causa
818 1043 1027 1098 profertur
1050 1044 1358 1098 neglegentius,
1389 1044 1453 1084 in-

195 1103 320 1144 terim
360 1102 610 1144 defenditur.
669 1101 706 1143 si
746 1105 927 1143 matrem
967 1117 1105 1144 meam
1143 1116 1255 1143 nunc
1295 1101 1456 1155 audias,

195 1160 310 1214 dicit,
342 1174 386 1201 se
418 1159 469 1201 ad
500 1160 599 1200 illos
630 1159 789 1201 iudices
821 1160 988 1201 venisse
1020 1173 1223 1213 securam,
1255 1161 1297 1200 et
1322 1159 1455 1200 obsti-

195 1219 298 1260 tisse
331 1217 414 1259 sibi
443 1217 642 1258 fiduciam
671 1217 825 1271 prioris
857 1217 1111 1270 sententiae3
1144 1217 1280 1259 utitur
1308 1217 1356 1258 'in
1386 1216 1456 1258 de-

196 1260 488 1329 fensioneCm>
515 1275 639 1317 claris
672 1289 720 1316 ac
744 1275 961 1317 nobilibus
988 1275 1202 1329 exemplis,
1231 1275 1457 1316 damnatos

196 1334 302 1375 mihi
335 1332 538 1375 Camillos
577 1336 619 1374 et
649 1333 835 1374 Rutilios
873 1335 1031 1374 narrat.
1091 1347 1236 1375 verum
1267 1334 1456 1387 quicum-

195 1406 274 1446 que
306 1392 388 1433 iste
419 1392 557 1432 exitus
588 1391 687 1445 fuit,
727 1391 925 1432 habuerit
957 1405 1078 1432 suum
1109 1391 1249 1433 finem.
1309 1390 1346 1432 si
1376 1390 1455 1431 eri-

194 1450 310 1491 mina
340 1450 383 1491 in
409 1463 476 1491 me
502 1449 644 1503 explet
670 1447 824 1504 (neque
849 1449 1030 1504 vereor),
1060 1449 1186 1503 plura
1210 1448 1478 1501 confitebor‚.

194 1522 321 1561 quam
362 1507 512 1549 obicis:
561 1509 604 1548 et
643 1521 737 1548 cum
776 1506 977 1548 damnata
1017 1509 1128 1549 esset
1167 1509 1303 1548 mater
1347 1520 1457 1560 mea,

197 1565 293 1607 flevi
325 1567 367 1606 et
397 1565 585 1618 graviter
615 1565 707 1606 tuli.

288 1682 308 1714 2
335 1677 475 1712 famula
499 1680 551 1712 Aa
576 1679 587 1723 ΙΙ
607 1681 627 1712 5
652 1679 777 1712 tamen
802 1680 827 1710 B
847 1679 858 1722 Η
878 1681 898 1713 8
925 1678 1111 1712 concitant
1135 1680 1188 1711 Aa
1205 1679 1218 1723 Η
1236 1682 1256 1712 9
1282 1677 1455 1712 meliores

193 1727 220 1759 B
239 1726 251 1770 ΙΙ
271 1729 311 1759 11
342 1732 368 1777 q
395 1727 424 1758 A
449 1726 459 1769 ΙΙ
486 1727 621 1759 13-15
648 1723 731 1758 aliis
763 1724 910 1759 auribus
943 1723 1087 1768 accepit
1110 1723 1219 1758 iudex
1243 1725 1453 1758 extraneus:

193 1771 339 1815 utrique
364 1772 448 1806 fort.
474 1771 515 1805 ir.
543 1770 660 1806 existi.
685 1770 759 1812 Gr,-
784 1770 829 1804 al.
851 1781 925 1805 aur.
949 1770 1133 1814 acciperet
1151 1770 1173 1804 i.
1196 1770 1452 1805 extraneorum

194 1828 353 1861 causam,
380 1828 452 1861 qua
476 1817 500 1853 f.
526 1817 568 1851 ir.
595 1816 751 1852 extitisti
778 1816 870 1858 0br;
895 1827 962 1851 nec
986 1817 1085 1860 quod
1108 1816 1192 1850 fort.
1219 1815 1262 1852 ir.
1288 1816 1454 1851 extiteris

194 1864 283 1906 Sch;
307 1864 487 1908 fortasse*
512 1864 559 1898 al.
586 1862 762 1898 munerib.
790 1863 956 1907 accipere
982 1862 1122 1898 iudices
1141 1864 1350 1898 extraneam
1371 1873 1453 1898 cau-

194 1921 289 1945 sam:
318 1909 573 1957 (damnasti),
602 1910 687 1953 quia
710 1909 794 1944 fort.
821 1910 832 1953 ΙΙ
859 1912 901 1944 15
928 1908 1103 1944 conexisti
1128 1911 1191 1952 Aa,
1218 1908 1341 1944 existis
1365 1911 1417 1942 Ab
1442 1908 1454 1953 ΙΙ

193 1956 447 2001 cognoscentis
472 1959 558 1990 Ab?
577 1957 588 2001 Η
610 1960 651 1991 16
676 1956 857 2001 perfertur
881 1958 955 1999 AB,
981 1967 1068 1991 corr.
1095 1956 1169 1991 Aer
1186 1957 1198 2000 11
1220 1958 1261 1990 18
1286 1955 1378 1990 iudd
1395 1957 1424 1988 Δ
1442 1955 1453 2001 Η

195 2007 332 2038 19-20
363 2003 563 2038 defensione
574 2002 666 2049 <m>
695 2001 749 2037 Gr
779 2003 789 2046 ΙΙ
820 2006 865 2036 20
891 2001 1098 2046 dampnatis
1122 2005 1152 2035 Δ
1180 2004 1192 2046 ΙΙ
1222 2006 1265 2036 21
1292 2000 1454 2036 Rutilius

192 2052 329 2083 AB-P
348 2051 359 2095 ΙΙ
379 2054 421 2085 22
450 2061 554 2084 suum
579 2049 696 2084 filium
721 2052 772 2082 Aa
800 2050 811 2093 ΙΙ
839 2052 976 2083 22-23
1002 2059 1051 2083 an
1075 2047 1288 2083 *criminari
1311 2059 1369 2082 me
1395 2059 1453 2083 ex-

192 2096 298 2141 pedit
318 2096 385 2140 (?);
412 2096 442 2131 si
468 2095 621 2131 crimina
645 2094 668 2131 i.
694 2107 742 2130 m.
769 2105 916 2139 expues,
941 2107 975 2129 n.
1002 2093 1207 2142 vere<b>0r
1230 2093 1323 2140 (et)
1346 2093 1396 2138 pl.
1422 2104 1453 2128 e.

191 2142 356 2186 Sch1124
382 2143 420 2178 et
444 2153 485 2178 co
512 2142 544 2178 d.
572 2144 625 2176 Aa.
644 2143 718 2187 1125
744 2142 847 2177 flevit
871 2144 923 2176 Aa
