1604 2488
168 723 210 755 10

168 1012 210 1044 15

168 1302 211 1333 20

166 1591 210 1623 25

167 1881 212 1913 30

235 85 321 127 312
715 83 1016 128 Qumrlnmm
1035 137 1037 139 ι

235 191 410 234 vocibus
443 191 602 245 optime
634 189 701 247 (ut
731 191 817 232 iam
851 204 975 245 saepe
1006 189 1112 244 dixi)
1150 191 1201 234 de
1238 206 1305 234 me
1335 194 1490 235 merito

236 249 515 302 satisfaciam,
545 249 729 303 reperire
760 263 847 290 non
877 262 1062 303 possum.
1104 249 1219 292 Vera
1249 253 1348 293 sunt
1379 251 1488 293 enim

235 308 326 362 illa,
359 320 464 360 quae
496 306 616 349 dixit.

323 364 576 417 [Narratio]
643 364 810 419 Pauper
841 377 920 419 ego
951 367 1076 406 natus
1109 367 1151 407 et
1180 367 1328 408 contra
1357 365 1492 408 facul-

234 422 390 464 tatium
415 423 625 464 rationem
650 437 839 464 mearum
864 422 1045 464 infelicis
1070 422 1196 465 huius
1222 423 1490 478 eloquentiae

236 480 462 535 studiosus,
485 480 610 522 huius
637 481 908 535 liberalitate,
937 481 1063 522 huius
1090 481 1242 535 opibus
1266 482 1491 536 peregrina

236 538 395 592 studia,
433 538 670 580 clarissima
702 539 914 593 exempla,
951 538 1104 593 otium,
1146 553 1226 593 quo
1258 539 1488 594 plurimum

236 596 387 638 studiis
420 596 653 651 confertur,
685 611 779 638 sum
810 599 1079 638 consecutus:
1109 597 1277 639 utinam
1307 611 1392 639 non
1423 613 1491 640 us-

236 668 315 708 que
347 654 400 696 ad
430 654 646 696 invidiam.
694 669 794 696 nam
826 655 933 695 mihi
958 654 1180 708 cogitanti,
1210 668 1283 696 cur
1306 654 1491 710 integer-

235 712 393 754 rimum
423 713 573 766 virum,
605 712 812 766 optimum
837 713 971 754 civem
997 713 1278 754 calumniator
1301 712 1375 755 ille
1398 727 1493 767 pro-

237 769 411 812 ditionis
448 784 568 812 reum
606 770 770 823 fecerit,
812 770 920 811 nihil
959 770 1166 813 succurrit
1203 770 1337 824 aliud,
1381 771 1494 825 quod

236 830 403 870 secutus
441 828 515 881 sit,
559 842 686 882 quam
722 831 771 869 ut
802 841 881 882 ego
914 841 1096 883 agerem.
1161 828 1348 870 habebat
1379 829 1492 870 enim

234 886 300 927 ius
333 886 506 940 optandi
531 889 769 940 patronum,
796 887 874 939 [et]
901 886 1010 928 hanc
1040 888 1155 942 leges
1187 886 1390 928 dederant
1418 900 1492 940 po-

235 946 454 986 testatem:
486 946 528 985 et
557 943 740 985 forsitan
772 944 1002 998 quaerebat
1033 945 1161 987 etiam
1192 947 1341 987 contra
1371 943 1493 986 abso-

235 1001 441 1043 lutionem
472 1001 706 1043 innocentis
738 1003 799 1043 rei
829 1002 940 1043 hunc
972 1003 1173 1056 colorem,
1205 1004 1252 1044 ut
1281 1001 1494 1043 videretur

235 1059 331 1101 ideo
365 1059 577 1113 dimissus,
609 1059 706 1113 quia
738 1073 816 1114 ego
849 1059 1040 1114 egissem.
1089 1059 1170 1101 hoc
1202 1059 1240 1100 ei
1272 1061 1383 1101 certe
1407 1073 1493 1102 non

237 1117 429 1170 contigit.
477 1131 595 1158 reum
629 1117 795 1171 offendi,
825 1131 912 1159 non
943 1131 1010 1158 me
1038 1117 1207 1158 hercule
1234 1130 1494 1170 supervacua

237 1175 466 1228 asperitate
496 1175 722 1216 verborum
754 1173 826 1229 (ab
858 1174 938 1216 hac
970 1188 1048 1229 ego
1082 1175 1193 1215 enim
1224 1188 1310 1228 me,
1348 1176 1494 1228 quate-

235 1247 315 1274 nus
360 1232 462 1273 fides
507 1232 660 1287 agendi
702 1232 975 1286 permiserat,
1018 1231 1275 1274 abstinuisse
1307 1231 1494 1274 animum

237 1288 480 1346 confiteor):
531 1290 602 1331 sed
639 1290 888 1344 perferenda
923 1290 1095 1331 fuerunt
1131 1289 1335 1331 mandata
1373 1288 1496 1340 falsa,

235 1363 384 1390 verum
426 1347 670 1414 criminosa,
715 1348 911 1403 conficta,
953 1362 1099 1390 verum
1136 1347 1319 1389 invidiae
1350 1349 1496 1389 tamen

235 1407 376 1462 plena.
439 1406 552 1472 quod
590 1406 626 1447 si
664 1406 763 1460 quid
795 1420 885 1447 esse
917 1406 958 1447 in
991 1406 1157 1447 ratione
1188 1405 1351 1447 dicendi
1381 1405 1495 1448 vide—

235 1467 317 1519 tur,
349 1464 385 1506 si
416 1464 509 1518 quis
540 1478 608 1505 me
638 1464 839 1505 infestam
872 1463 1066 1505 attulisse
1091 1463 1224 1505 credit
1248 1463 1496 1518 orationem,

237 1522 400 1564 accedit
436 1522 518 1564 hoc
556 1536 722 1576 quoque
752 1522 912 1577 gloriae
944 1522 1095 1576 optimi
1126 1522 1248 1576 civis,
1285 1521 1399 1576 quod
1428 1535 1495 1563 me

236 1582 461 1622 accusante
493 1580 710 1621 absolutus
743 1583 820 1622 est.

323 1638 490 1693 Ingrati
525 1652 620 1679 reus
660 1652 764 1680 sum.
825 1637 889 1678 De
925 1637 1062 1692 prima
1094 1639 1215 1692 parte
1249 1650 1417 1687 causae,
1451 1636 1496 1678 iu

236 1697 368 1750 dices,
410 1709 498 1736 non
540 1695 694 1737 faciam
739 1695 1088 1748 controversiam,
1126 1709 1262 1749 neque
1305 1694 1369 1736 fas
1413 1697 1495 1736 est:

237 1754 381 1808 accepi
412 1753 681 1806 beneficium,
720 1755 924 1807 quantum
954 1753 1183 1793 maximum
1215 1752 1313 1794 dare
1344 1765 1495 1805 paren—

235 1814 302 1854 tes
333 1811 481 1853 liberis
512 1814 706 1866 possunt.
759 1825 846 1852 non
877 1811 988 1852 enim
1022 1811 1058 1851 si
1093 1811 1265 1852 fortuna
1296 1809 1496 1851 infelicis-

238 1870 347 1912 sima
386 1869 522 1911 adhuc
560 1868 701 1911 officia-
738 1869 889 1910 studiis
919 1869 1024 1910 meis
1056 1868 1189 1922 dedit,
1230 1881 1317 1910 non
1352 1870 1496 1909 tamen

236 1928 324 1970 ista
374 1927 514 1968 animo
563 1927 821 1981 praestantis
870 1926 1132 1968 aestimanda
1189 1928 1298 1968 sunt.
1355 1925 1496 1980 accepi

332 2045 354 2075 4
379 2041 648 2087 *[Narratio.],
674 2041 719 2084 cf.
739 2041 937 2085 2370199911
961 2040 1179 2075 facultatum
1203 2042 1229 2073 B
1249 2040 1261 2084 ΙΙ
1286 2042 1306 2074 5
1331 2049 1496 2074 mearum

236 2087 419 2123 rationem
444 2090 470 2121 Β
501 2088 513 2131 ΙΙ
546 2091 564 2123 7
592 2086 742 2122 otium
767 2090 797 2120 A
815 2088 826 2131 ΙΙ
846 2088 944 2131 quod
968 2089 994 2120 B
1014 2088 1025 2132 l}
1054 2090 1094 2120 11
1121 2085 1212 2120 mihi
1235 2088 1262 2119 Β
1287 2087 1298 2130 ΙΙ
1323 2083 1410 2129 quid
1433 2087 1460 2118 Β
1485 2084 1497 2131 Η

239 2139 282 2170 13
309 2134 378 2179 [et]
403 2134 461 2169 Ro
485 2135 496 2179 ΙΙ
524 2138 566 2170 16
591 2134 770 2170 admissus
795 2137 821 2167 Β
846 2136 858 2179 fl
878 2137 921 2168 18
946 2143 1005 2168 me
1031 2143 1096 2169 om
1122 2135 1148 2166 B
1167 2133 1179 2177 ΙΙ
1200 2135 1241 2166 19
1267 2129 1495 2166 abstenuisse

237 2181 356 2225 31121
384 2182 510 2215 tamen
535 2191 600 2216 om.
628 2180 746 2224 131128
774 2180 956 2225 quantu
986 2183 1014 2213 Δ
1033 2181 1044 2224 ΙΙ
1069 2182 1114 2214 30
1140 2179 1187 2213 ad
1211 2177 1282 2213 hoc
1306 2180 1379 2221 ΔΒ,
1405 2187 1492 2213 corr.

241 2227 326 2271 Obr,
351 2227 443 2262 haec
468 2226 543 2262 Aer
596 2248 600 2251 -
