1604 2488
464 80 890 119 DECLAMATIONES.
917 80 1105 119 CCCXXI.
1336 81 1424 125 263

124 191 231 237 cas?
275 191 427 248 ecquid
459 192 557 247 scis,
590 191 694 247 quid
723 191 855 247 paulo
888 192 988 234 ante
1020 191 1182 234 fueris?
1233 205 1348 234 nunc
1381 194 1426 234 te

128 252 428 296 circumfluens
466 251 667 307 pecunia,
704 265 818 294 nunc
855 251 941 293 ista
973 251 1194 307 mancipia
1226 253 1270 294 et
1301 252 1424 308 quid-

127 311 235 368 quid
267 311 478 367 quaesisti
510 311 668 354 scelere
700 309 932 353 ditabunt?

217 370 473 426 ,Venenum
516 370 635 413 dicor
676 369 847 413 dedisse
888 370 936 412 in
979 384 1086 413 cena
1129 384 1239 413 mea.
1302 385 1328 413 o
1361 370 1422 413 dii

128 430 419 474 immortales!
463 432 556 473 erat
593 430 766 486 quidem
802 430 1028 473 honestius
1060 429 1138 472 illa
1170 429 1420 473 defensione

127 490 391 546 patrocinari
442 504 598 533 causae
647 504 786 533 meae:
835 504 1049 533 venenum
1100 489 1260 545 aliquis
1310 490 1424 532 inter

128 550 241 593 lares
279 564 400 603 suos,
442 549 557 592 inter
595 563 726 592 saera
755 563 948 604 mensae,
992 550 1212 592 coronatis
1258 549 1425 605 pariter

127 623 237 665 quos
270 609 518 652 colebamus
544 608 626 651 diis
651 609 988 664 immortalibus,
1022 623 1235 651 venenum
1262 609 1423 665 aliquis

127 668 281 711 hilaris
312 668 444 711 hilari
475 668 621 711 dedit?
680 683 767 711 non
799 668 882 712 hoc
913 669 1057 724 ipsum
1089 668 1264 711 obstitit
1296 683 1424 711 cona-

127 728 246 770 tibus
278 728 397 783 meis,
427 727 541 784 quod
571 742 656 770 non
690 727 973 771 credebatur?
1020 741 1235 771 venenum
1262 728 1420 783 aliquis

126 788 437 830 circumstante
468 787 648 843 familia,
673 787 975 843 praesentibus
1001 787 1254 830 ministeriis
1286 787 1421 842 daret,

127 846 383 890 foedatuxus
404 847 610 890 continuo
638 847 844 890 cadavere
870 847 979 889 illud
1000 847 1246 890 convivium
1266 846 1422 891 suum?

127 908 178 948 ut
201 920 352 948 severa
375 906 504 949 nobis
537 907 776 962 antiquitas
807 906 1005 961 tradidit,
1036 906 1220 949 infestos
1252 906 1421 949 animos

126 965 354 1021 placavere
391 980 584 1021 mensae,
609 967 666 1008 'et
703 966 920 1019 homines,
949 966 1031 1022 ‚qui
1062 966 1177 1009 inter
1210 981 1254 1008 se
1287 967 1420 1009 armis

125 1026 255 1080 atque
291 1025 553 1068 exercitibus
593 1025 899 1080 conflixerant,
940 1025 1026 1069 tuti
1064 1027 1212 1068 tamen
1250 1026 1420 1069 iacuere

126 1083 268 1127 media
298 1098 429 1127 cenae
460 1085 556 1127 fide.
601 1083 673 1128 Sic
703 1084 875 1128 defendi
906 1085 1087 1128 decebat
1111 1086 1422 1128 innocentiam.

127 1143 209 1185 sed‘
232 1146 445 1199 quatenus
476 1146 699 1200 tamquam
731 1145 916 1200 maligni
947 1144 1178 1200 loquimur,
1210 1148 1422 1200 quatenus

125 1204 355 1257 tamquam
384 1204 600 1260 suspecti,
640 1204 687 1246 in
718 1205 970 1259 praesentia
1001 1204 1198 1258 seponite
1231 1206 1423 1247 mentem

127 1275 288 1317 meam,
321 1263 515 1317 seponite
547 1262 882 1318 fraternitatem,
914 1264 1112 1318 seponite
1144 1266 1246 1306 ante
1279 1265 1422 1306 actam

126 1321 274 1364 vitam.
329 1324 554 1378 tamquam
587 1322 638 1365 de
670 1323 916 1377 venefic[i]0
950 1323 1116 1379 loquar.
1155 1337 1238 1379 quo
1273 1323 1416 1366 minus

125 1380 236 1434 loco,
267 1395 354 1436 quo
385 1381 525 1424 minus
557 1384 754 1436 tempore
786 1382 887 1425 dare
918 1381 1045 1425 fratri
1075 1396 1172 1425 meo
1198 1382 1422 1425 debuerim

126 1438 371 1482 venenum?
421 1455 560 1496 neque
599 1441 716 1484 enim
753 1441 982 1498 quisquam
1020 1441 1210 1496 dubitat,
1248 1441 1423 1496 iudices,

127 1499 232 1554 quin
262 1497 451 1542 faciendi
483 1500 657 1544 sceleris
682 1501 911 1544 consilium
940 1515 1031 1544 non
1057 1516 1188 1544 unam
1215 1501 1329 1544 viam
1358 1502 1421 1544 in-

124 1560 320 1614 tueatur,
357 1561 407 1603 ut
445 1558 499 1601 ad
538 1574 751 1603 summam
791 1561 975 1616 cogitati
1012 1560 1290 1616 incohatique
1327 1575 1422 1617 per-

125 1618 289 1674 veniat,
333 1618 408 1660 sed
445 1618 570 1661 illam
608 1619 810 1672 alteram,
851 1619 919 1663 vel
953 1620 1093 1676 magis
1125 1620 1419 1664 necessariam

124 1678 170 1720 et
201 1691 311 1732 quae
341 1677 516 1732 penitus
548 1678 595 1721 in
627 1679 966 1735 cogitationibus
994 1679 1161 1736 sedeat,
1193 1682 1241 1723 ut
1279 1679 1419 1723 scelus

123 1736 241 1792 quod
273 1737 490 1780 commisit
527 1741 670 1795 neget.
731 1753 945 1782 venenum
977 1739 1049 1782 do:
1095 1742 1139 1782 et
1171 1739 1283 1782 unde
1318 1740 1420 1794 scio,

124 1798 182 1839 an
230 1795 443 1840 exhausta
491 1797 669 1852 potione
721 1798 871 1842 statim
915 1798 1143 1842 concidat?
1201 1799 1320 1842 venit
1366 1798 1419 1842 ad

222 1952 240 1983 1
268 1949 362 1985 haec
387 1949 478 1995 quid
502 1952 548 1995 A,
576 1950 616 1984 et
639 1948 731 1994 quid
756 1952 783 1983 Β
820 1951 833 1994 ΙΙ
870 1954 891 1985 2
917 1950 1009 1994 quid
1034 1953 1062 1984 B
1095 1952 1108 1995 ss
1140 1955 1165 1987 6*
1187 1950 1325 1996 aliquis
1352 1961 1421 1987 om.

122 1995 196 2040 3311
229 1999 250 2030 8
276 1996 341 2032 des
367 2000 436 2041 Aa,
476 1996 533 2032 dis
559 1999 612 2030 Ab
638 1998 650 2041 ΙΙ
676 2001 696 2031 9
723 1997 867 2042 hylaris
893 1997 1018 2043 hylari
1043 2000 1070 2031 B
1103 1999 1114 2043 Η
1149 2002 1191 2034 12
1230 1998 1275 2034 in
1317 2010 1422 2035 con·

123 2043 248 2079 vivio
281 2043 379 2080 dari
418 2055 591 2080 venena
623 2056 710 2080 non
747 2056 881 2090 posse
914 2048 945 2079 A
982 2047 993 2091 Η
1032 2045 1209 2082 continuo
1249 2057 1317 2082 oca
1357 2046 1421 2082 de-

123 2101 210 2126 vere
248 2094 301 2126 Aa
337 2092 349 2137 ΙΙ
389 2096 432 2127 13
469 2092 589 2127 tradit
624 2094 651 2125 B
683 2092 695 2136 ΙΙ
725 2092 862 2128 infesto
899 2095 1004 2127 B-—P
1034 2094 1047 2139 ss
1080 2097 1122 2129 15
1161 2093 1422 2129 confluxerunt

123 2141 151 2172 B
183 2139 196 2184 ΙΙ
225 2139 307 2175 tute
333 2142 402 2184 Aa,
430 2140 487 2175 uti
512 2142 583 2183 Ab,
608 2140 690 2174 tute
717 2139 771 2175 ita
794 2141 861 2186 ΒΗ
888 2145 931 2177 16
956 2140 1051 2176 fides
1075 2144 1104 2175 Β
1139 2143 1153 2186 ss
1189 2141 1342 2177 dicebat
1368 2142 1422 2188 ΒΗ

124 2189 170 2220 20
201 2185 319 2222 vitam
352 2198 464 2232 quam
490 2190 516 2221 B
553 2189 566 2232 ΙΙ
603 2187 783 2222 veneficio
815 2188 949 2233 loquor
983 2191 1067 2233 ΑΒ,
1107 2200 1198 2225 corr.
1226 2188 1285 2225 Ro
1323 2190 1336 2234 ss
1374 2193 1420 2224 21

124 2233 208 2269 dari
232 2236 259 2267 Β
290 2235 303 2279 ΙΙ
333 2235 433 2280 patri
458 2237 511 2269 Aa
535 2235 546 2279 ΙΙ
572 2239 617 2269 23
645 2234 710 2279 qui
734 2233 774 2270 in
797 2234 980 2272 faciendis
1007 2247 1055 2272 sc.
1082 2238 1140 2282 ΒΗ
1169 2236 1310 2273 scelera
1336 2239 1422 2281 AB,

123 2289 216 2316 corr.
244 2281 298 2316 G'r
317 2282 328 2327 ΙΙ
349 2286 392 2318 26
419 2282 459 2317 in
484 2293 552 2318 om.
577 2285 604 2316 B

1451 739 1495 771 10

1450 1037 1492 1068 15

1445 1334 1490 1366 20
