1604 2488
220 496 240 526 (31

198 785 239 815 10

198 1074 239 1105 15

198 1410 241 1442 20

196 1700 240 1731 25

199 1992 244 2022 30

267 116 352 161 326
745 118 1044 161 QUINTILIANI

383 226 522 268 cendit
565 227 607 266 et
648 239 821 267 uxorem
865 227 908 266 et
949 225 1106 266 liberos
1147 225 1371 268 interfecit.
1430 226 1522 268 vult

383 284 492 325 mori
525 297 687 338 pauper
716 283 882 324 ratione
913 283 958 324 in
989 286 1141 325 senatu
1168 283 1343 327 reddita.
1404 284 1521 326 dives

382 341 426 383 C.
458 341 509 383 D.

784 397 1011 440 SERMO.

355 480 559 529 Quotiens
603 480 684 522 hoc
727 494 860 535 genus
903 480 1106 522 materiae
1150 480 1304 534 divido,
1352 495 1522 524 necesse

267 539 405 580 habeo
437 538 480 580 id
511 538 666 592 dicere,
704 538 815 593 quod
855 539 940 580 iam
973 552 1096 592 saepe
1127 538 1231 593 dixi,
1267 553 1333 580 me
1362 540 1524 582 nullam

266 597 530 639 voluntatem
569 597 817 651 cuiusquam
855 598 1004 638 contra
1039 596 1230 638 themata
1266 596 1524 653 intellegere.

267 655 451 697 fortasse
484 657 610 696 erunt
642 655 791 709 aliqui,
830 655 903 709 qui
934 654 1182 696 existiment
1212 669 1237 696 a
1266 669 1451 710 paupere
1481 656 1526 697 id

268 713 406 755 solum
444 713 601 767 quaeri,
644 715 692 753 ut
726 712 929 754 invidiam
967 711 1088 754 diviti
1125 712 1270 767 faciat3
1315 713 1426 768 quod
1462 714 1527 755 illi

267 771 511 824 contingere
549 772 677 812 etiam
720 770 826 812 citra
869 770 1019 812 mortis
1063 770 1327 824 propositum
1372 773 1526 826 potest.

266 829 335 871 hic
372 842 472 883 ergo
513 843 674 883 pauper
705 829 816 882 apud
847 842 914 869 me
945 828 1055 869 mori
1086 828 1196 870 vult:
1235 842 1359 883 agere
1391 828 1527 884 debet,

265 890 312 928 ut
349 887 567 928 moriatur.
628 886 727 941 quid
759 900 861 940 ergo
894 885 986 927 est?
1034 900 1121 927 non
1162 886 1288 928 aliter
1324 886 1527 929 invidiam

266 945 388 986 diviti
418 944 546 986 faciet
576 945 814 986 maximam.
857 944 996 998 prima
1028 944 1220 998 quaestio
1250 944 1326 986 illa
1358 947 1435 999 est,
1473 960 1527 988 an

266 1017 416 1044 causae
461 1003 610 1044 mortis
653 1002 747 1044 ideo
791 1005 960 1044 tantum
993 1002 1079 1044 sint
1115 1002 1430 1057 adprobandae,
1473 1017 1526 1044 ne

265 1063 410 1115 turpes
442 1061 613 1102 lateant.

678 1139 1120 1182 DECLAMATIO.

353 1224 466 1266 Mori
502 1224 611 1265 volo.
672 1222 835 1264 nullam
874 1226 964 1263 tam
994 1222 1271 1263 inhumanam
1304 1222 1527 1277 quisquam

267 1282 492 1325 crediderit
534 1295 626 1322 esse
668 1281 820 1335 legem,
855 1283 902 1321 ut
938 1279 1155 1321 hominem
1186 1280 1453 1322 innocentem
1485 1284 1528 1323 et

266 1341 448 1382 invitum
481 1340 667 1381 detineat
693 1338 739 1379 in
773 1339 877 1390 luce,
908 1338 980 1379 sed
1013 1338 1075 1379 ita
1101 1337 1258 1391 scripta
1281 1339 1349 1379 lex
1374 1341 1450 1392 est,
1481 1342 1529 1380 ut

267 1413 447 1453 poenam
489 1397 639 1439 mortis
671 1396 915 1438 constituat.
975 1396 1295 1450 »insepultus
1340 1396 1529 1438 abicia-

266 1462 349 1499 tur
384 1457 447 1509 is,
492 1456 576 1510 qui
618 1469 716 1497 non
760 1453 1129 1508 adprobaverit
1166 1467 1385 1496 causas.«
1450 1454 1529 1496 ira-

268 1516 399 1557 scitur
423 1527 525 1568 ergo
550 1515 618 1555 lex
643 1513 692 1567 ei,
726 1513 797 1567 qui
823 1526 908 1554 non
935 1511 1181 1566 adprobatis
1207 1513 1371 1554 senatui
1391 1513 1529 1554 causis

267 1573 458 1628 perierit3
492 1587 598 1626 quae
630 1571 820 1625 profecto
845 1584 930 1612 non
955 1570 1059 1611 haec
1085 1569 1356 1624 existimavit,
1387 1570 1530 1625 quem—

269 1646 397 1686 quam
429 1631 538 1672 mori
564 1630 672 1671 velle
698 1629 788 1670 sine
815 1642 953 1670 causa.
997 1628 1071 1669 sed
1097 1642 1191 1669 cum
1216 1627 1369 1682 duplex
1394 1641 1529 1682 genus

268 1703 492 1730 causarum
526 1688 592 1738 sit,
626 1688 807 1728 alterum
839 1701 889 1727 ex
919 1686 1074 1727 iniuria
1105 1685 1315 1740 fortunae,
1350 1686 1530 1727 alterum

268 1762 317 1788 ex
354 1746 468 1787 mala
506 1745 780 1798 conscientia,
821 1744 901 1785 hoc
945 1743 1084 1797 ipsum
1127 1743 1262 1784 voluit
1305 1742 1531 1797 adprobari

269 1804 451 1857 senatui,
492 1818 641 1845 causas
677 1817 764 1844 non
808 1815 898 1843 esse
944 1801 1164 1842 deformes.
1226 1814 1376 1854 graves
1419 1801 1530 1843 enim

269 1877 360 1904 esse
401 1861 675 1903 manifestum
713 1863 795 1913 est,
838 1874 931 1901 cum
968 1858 1096 1901 homo
1143 1859 1251 1900 mori
1292 1859 1407 1901 velit.
1470 1859 1532 1900 ita

270 1920 435 1962 senatui
465 1934 552 1961 non
589 1919 639 1960 de
674 1919 757 1960 hoc
787 1917 1126 1973 cognoscendum
1157 1919 1239 1970 est,
1269 1916 1349 1958 hae
1381 1930 1532 1972 graves
1564 1935 1566 1937 >

272 1993 422 2021 causae
460 1978 611 2019 mortis
650 1991 704 2019 an
738 1991 837 2019 non.
910 1989 1061 2030 graves
1099 1975 1213 2017 enim
1247 1975 1418 2029 inputat
1447 1975 1533 2029 ille,

364 2086 383 2116 2
410 2081 591 2116 rationem
615 2079 638 2116 i.
665 2091 691 2114 s.
717 2079 898 2113 redditam
925 2081 951 2111 B
971 2079 1021 2122 115
1047 2077 1210 2112 dividam
1237 2079 1314 2120 AB,
1339 2087 1430 2112 corr.
1449 2077 1530 2122 Roll

271 2132 291 2162 8
318 2128 473 2172 pauperi
498 2130 527 2161 A
545 2128 558 2172 ΙΙ
578 2131 621 2162 10
646 2125 878 2170 contingeret
896 2127 922 2158 Β
942 2126 954 2169 ΙΙ
975 2128 1015 2158 11
1037 2125 1107 2158 hoc
1125 2127 1179 2157 Aa
1197 2125 1209 2168 ΙΙ
1230 2128 1270 2158 12
1290 2123 1344 2158 uti
1362 2125 1390 2157 B
1409 2124 1420 2168 ΙΙ
1440 2123 1533 2158 alter

271 2178 324 2208 Aa.
342 2176 353 2219 ΙΙ
374 2179 416 2208 13
442 2174 554 2209 faciet
578 2173 676 2218 quod
698 2172 756 2207 illi
782 2171 993 2215 contingere
1019 2181 1115 2205 max.
1134 2173 1160 2203 B
1181 2171 1192 2215 ΙΙ
1214 2173 1254 2204 15
1281 2170 1435 2214 pateant
1458 2172 1533 2214 AB,

270 2222 401 2266 petant
425 2223 467 2262 P,
494 2231 582 2255 corr.
609 2220 667 2254 Ro
691 2222 723 2253 et
748 2218 801 2253 Ri
830 2220 842 2263 ΙΙ
873 2222 918 2253 20
943 2216 1088 2262 mortis]
1114 2217 1199 2259 fort.
1218 2215 1358 2263 *malis
1377 2216 1396 2261 ,ΙΙ
1419 2219 1462 2251 22
1490 2226 1533 2251 eo

272 2279 343 2312 quo
370 2270 422 2300 Aa.
440 2268 450 2311 ΙΙ
471 2271 515 2302 30
540 2266 704 2311 inputat]
730 2265 805 2299 iam
829 2265 938 2309 putat
963 2263 1027 2306 Gr,
1058 2263 1165 2308 putat
1191 2262 1260 2298 Sch
