1604 2488
475 97 903 135 DEOLAMATIONES.
942 96 1131 134 CCOVIII.
1359 95 1446 138 213

160 223 290 266 quam
320 209 396 251 ille
429 208 606 252 omnino
637 209 949 250 testamentum
967 220 1062 248 non
1086 205 1294 248 fecisset?
1333 205 1447 261 quod

162 268 199 312 si
235 268 318 312 hoc
349 283 429 324 pro
460 283 549 311 non
582 268 697 310 facto
731 269 815 322 est,
858 267 976 320 ne[c]
1007 267 1320 308 testamentum
1353 265 1448 320 qui-

157 327 255 371 dem
286 327 423 371 videri
453 330 614 383 potest.
655 326 872 382 fingamus
897 325 1060 368 fuisse
1086 325 1290 367 ultimum
1315 326 1448 366 testa-

152 388 365 432 mentum:
399 386 570 443 quando
603 385 880 442 quaerimus?
919 387 1026 441 puto
1059 400 1157 428 cum
1190 398 1259 426 res
1291 383 1338 425 in
1368 383 1447 426 lite

154 448 238 502 est,
292 461 391 490 cum
434 446 480 488 in
525 444 829 501 disputatione.
897 459 977 487 nec
1021 444 1213 500 pertinet
1257 443 1310 486 ad
1353 457 1447 498 nos,
1473 453 1494 485 5

155 505 269 562 quod
301 505 434 548 fuerit
466 505 687 561 ultimum,
720 505 794 547 sed
826 504 942 560 quod
974 504 1044 547 sit.
1108 504 1144 546 si
1175 503 1242 545 ius
1275 503 1447 558 utrique

153 567 415 608 testamento
454 567 694 619 constaret,
731 564 887 607 fuisset
923 563 1035 606 illud
1070 563 1294 617 ultimum,
1333 562 1448 618 quod

153 627 309 680 postea
334 623 496 667 factum
523 625 604 666 est:
636 623 713 667 illo
739 638 843 666 vero
871 623 1043 666 sublato
1069 622 1226 678 incipit
1244 621 1448 664 ultimum

153 698 246 727 esse
289 683 407 739 quod
449 683 652 726 relictum
692 686 774 737 est,
821 686 870 726 ut
906 683 952 725 in
988 682 1259 726 contentione
1298 695 1447 723 cursus

154 744 230 799 qui
259 743 482 798 proximus
514 743 568 785 ab
601 743 755 786 ultimo
788 742 938 798 fuerit,
971 742 1008 785 si
1039 742 1222 785 desistat
1254 741 1445 795 ultimus,
1474 750 1517 783 10

154 802 200 844 in
241 816 400 845 nomen
443 802 564 844 illius
609 802 839 858 locumque
878 802 1080 845 succedit.
1139 814 1243 856 ergo
1275 803 1324 843 ut
1360 814 1447 842 non

154 860 287 904 fuerit
317 861 522 904 ultimum
549 875 692 904 meum
720 861 952 917 aliquando
977 863 1303 916 testamentum,
1334 873 1446 902 nunc

156 920 360 964 ultimum
392 923 476 975 est,
508 923 554 964 et
585 935 662 964 vos
693 921 739 963 id
769 923 1079 964 testamentum
1111 920 1297 975 fecistis,
1330 919 1447 961 dam-

143 979 296 1023 nando
326 979 386 1036 id,
418 980 532 1036 quod
562 982 718 1035 postea
749 980 912 1024 factum
946 983 1054 1023 erat.

688 1120 918 1165 SERMO.
1479 1131 1523 1162 15

249 1203 345 1246 Hoc
378 1204 431 1247 ad
462 1205 594 1247 verba
627 1205 754 1261 legis,
786 1205 893 1247 illud
927 1206 981 1247 ad
1014 1206 1293 1248 voluntatem.

578 1333 1029 1378 DECLAMATIO.

249 1415 360 1466 Quid
390 1418 595 1470 putamus
629 1420 823 1459 secutam
856 1431 949 1459 esse
977 1417 1132 1473 legem,
1166 1432 1274 1473 quae
1300 1418 1445 1460 valere

156 1475 297 1518 voluit
342 1475 547 1517 ultimum
594 1476 937 1518 testamentum?
997 1476 1125 1532 plura
1167 1477 1314 1519 valere
1356 1491 1446 1520 non

154 1537 378 1591 poterant,
423 1537 467 1576 et
503 1535 550 1577 in
585 1537 678 1577 tam
716 1536 918 1578 mutabili
955 1538 1113 1579 natura
1154 1536 1445 1579 humanorum
1470 1547 1516 1578 20

157 1594 399 1637 animorum
430 1593 614 1636 diversis
648 1594 881 1637 heredibus
913 1595 1057 1638 media
1088 1596 1143 1638 lis
1174 1596 1445 1652 relinqueba-

156 1655 240 1696 tur.
290 1652 503 1710 optimum
535 1653 764 1696 videbatur
797 1669 910 1708 esse,
941 1658 991 1697 ut
1021 1655 1221 1711 proxima
1253 1670 1446 1712 quaeque

156 1712 358 1755 voluntas
391 1712 588 1755 duraret:
620 1713 704 1756 hac
729 1728 832 1756 vero
859 1714 1033 1756 sublata
1063 1729 1239 1758 necesse
1265 1717 1332 1757 est
1350 1730 1447 1758 eam

155 1771 322 1827 durare,
354 1786 462 1827 quae
495 1772 590 1815 sola
623 1775 700 1814 est.
750 1772 872 1816 Fecit
903 1775 1066 1816 amicus
1098 1789 1221 1817 meus
1254 1789 1304 1817 eo
1336 1778 1444 1817 tem·

151 1845 270 1886 pore,
302 1845 387 1886 quo
414 1845 482 1873 me
507 1832 767 1874 instituebat
791 1833 1006 1889 heredem,
1038 1834 1284 1890 legitimum
1309 1837 1443 1878 testa·
1473 1844 1519 1876 25

152 1893 358 1934 mentum.
417 1905 520 1933 nam
552 1893 596 1933 et
627 1892 856 1934 constabat
888 1892 927 1934 ei
957 1895 1053 1935 tum
1084 1893 1311 1948 iudicium;
1358 1908 1442 1950 quo

153 1949 298 1992 minus
338 1949 545 1992 erubesco
583 1950 671 1992 ista
701 1952 947 1994 mutatione
978 1951 1167 1994 heredis:
1211 1952 1258 1994 in
1288 1952 1346 1996 eis
1378 1955 1441 1995 ta-

152 2007 268 2050 bulis
302 2008 414 2051 alius
445 2009 629 2065 legitur,
667 2025 777 2065 quae
809 2010 877 2052 ius
909 2025 998 2053 non
1028 2010 1294 2068 habuerunt,
1332 2027 1441 2068 quae

152 2082 242 2110 non
287 2068 384 2123 lege
428 2069 701 2124 conscriptae
748 2072 866 2124 sunt,
917 2085 1026 2125 quae
1069 2070 1257 2114 fortasse
1307 2073 1441 2114 etiam

248 2199 270 2231 2
296 2195 438 2232 factum
463 2200 517 2231 Aa
549 2198 560 2242 ΙΙ
591 2196 726 2250 *ne[c]
753 2198 765 2242 ΙΙ
790 2201 882 2234 8-9
909 2199 980 2233 inc.
1008 2199 1134 2235 omnia
1157 2200 1225 2237 ult.
1251 2204 1277 2234 1²
1303 2202 1314 2247 ΙΙ
1343 2205 1363 2236 9
1391 2203 1447 2237 est

155 2253 221 2279 om.
245 2247 272 2278 P
302 2244 315 2289 ΙΙ
345 2245 388 2280 ut
411 2254 478 2280 om.
504 2247 532 2278 B
558 2245 569 2290 ΙΙ
593 2245 761 2279 tentione
787 2248 834 2289 Δ,
860 2245 1070 2282 intentione
1097 2250 1136 2293 B,
1162 2258 1254 2283 corr.
1282 2248 1338 2283 Gr
1363 2250 1374 2294 Η
1400 2251 1447 2283 24

159 2301 196 2326 es
223 2291 348 2336 3112ss
374 2290 422 2327 sit
447 2291 506 2327 Ro
526 2293 536 2337 ΙΙ
556 2295 600 2327 29
627 2291 686 2327 his
712 2294 794 2337 AB,
821 2303 913 2329 corr.
939 2293 998 2330 Ro
