1586 2476
450 151 454 153 Α
486 120 913 168 DECLAMATIONES.
942 119 1094 157 CCLIlI.
1386 120 1442 163 37

153 231 345 274 deforme
389 231 595 273 habitura
631 231 784 274 civitas
823 230 924 286 fuit,
967 229 1112 274 dedito
1153 228 1221 287 (ut
1262 230 1445 273 subinde

153 289 316 346 dicitis)
347 290 637 346 tyrannicida,
667 290 709 332 id
742 304 868 333 omne
899 303 996 332 mea
1020 290 1250 346 rogatione
1276 289 1446 333 detrac-

151 354 245 393 tum
278 352 363 407 est3
406 350 525 392 omni
556 350 720 406 pudore
761 349 934 392 liberati
966 348 1094 392 estis:
1138 350 1326 392 invitum
1357 364 1445 393 non

153 409 502 465 de<di>dissetis3
523 409 636 465 quod
653 409 708 451 ad
721 423 798 452 vos
818 408 1021 464 pertinet,
1040 409 1205 452 bellum
1226 409 1445 465 suscipere

151 468 383 512 maluistis.
446 468 519 511 sed
550 468 634 511 hoc
666 471 734 511 est
763 468 1014 524 praecipue,
1052 483 1185 524 quare
1218 483 1299 525 ego
1331 469 1445 512 hanc
1471 479 1492 510 5

150 528 264 571 ferre
308 528 488 571 debeam
532 528 818 585 rogationem.
881 541 963 585 ego
1006 542 1086 583 pro
1127 528 1303 571 civitate
1352 531 1446 571 tam

151 591 296 645 grata,
339 603 418 643 pro
456 588 620 645 populo
664 587 764 643 tali,
808 602 894 630 non
931 587 1087 630 subibo
1131 588 1446 644 qualecumque

151 647 421 704 periculum?

244 705 327 750 Sed
357 721 446 750 non
478 707 621 750 solum
652 707 716 748 rei
747 706 966 762 publicae,
1003 720 1152 749 verum
1185 707 1318 750 etiam
1350 722 1447 749 mea

155 767 354 822 interest,
385 766 498 809 hanc
528 766 662 823 recipi
693 766 980 822 rogationem.
1024 781 1152 822 quem
1178 767 1311 810 vultis
1332 767 1447 809 enim
1476 775 1517 807 10

154 827 305 882 ponite
337 828 559 869 eventum:
590 825 831 882 periculum
863 825 972 868 mihi
1003 826 1159 869 mortis
1192 828 1268 870 est.
1313 826 1447 882 quid‘?

153 899 234 942 ego
272 899 360 928 non
398 885 504 928 satis
545 885 665 927 vixi?
720 899 810 928 non
853 886 968 928 enim
1010 899 1224 928 annorum
1267 900 1447 928 numero

150 959 230 988 nec
275 945 417 1000 spatio
463 945 621 987 aetatis
666 945 893 987 terminari
937 947 1105 987 certum
1150 948 1216 987 est
1266 945 1448 988 fortium

151 1004 343 1047 virorum
374 1004 523 1059 vitam,
556 1004 630 1047 sed
660 1004 788 1047 laude
820 1008 865 1047 et
895 1004 1014 1046 fama
1041 1007 1085 1047 et
1109 1007 1346 1060 perpetuae
1373 1019 1448 1060 po·

152 1063 363 1107 steritatis
389 1063 733 1107 immortalitate.
781 1063 851 1106 Ita
877 1063 937 1106 dii
962 1063 1139 1117 faciant,
1171 1068 1220 1107 ut
1240 1078 1448 1120 magnum
1476 1074 1519 1105 15

151 1123 399 1179 exemplum
444 1123 698 1180 posteritati
747 1124 881 1166 etiam
930 1137 1072 1179 poena
1123 1124 1224 1167 dare
1267 1125 1450 1180 possim.

151 1183 258 1226 satis
291 1183 452 1238 (vixi).
508 1183 727 1226 videbitur
758 1183 867 1226 mihi
899 1183 1045 1226 omnia
1081 1183 1222 1226 facere
1260 1184 1450 1238 fortuna,

152 1245 202 1284 ut
259 1242 597 1298 tyrannicidium
656 1257 800 1285 meum
866 1243 1006 1286 maius
1058 1243 1128 1286 sit.
1208 1243 1283 1286 sed
1338 1243 1448 1285 illud

151 1301 331 1344 interim
371 1316 542 1358 vereor,
585 1316 639 1345 ne
676 1305 892 1358 tyrannus
930 1316 981 1344 ex
1019 1317 1087 1344 me
1125 1306 1248 1359 petat
1285 1303 1448 1346 famam

152 1360 359 1404 lenitatis.
419 1361 555 1404 habet
592 1362 707 1404 enim
740 1362 854 1417 apud
886 1362 1026 1404 malos
1058 1376 1229 1417 quoque
1262 1362 1448 1405 multum
1475 1372 1521 1404 20

154 1420 430 1463 auctoritatis
467 1421 628 1476 virtus,
674 1423 717 1463 et
756 1421 941 1463 forsitan
978 1420 1063 1464 hoc
1101 1421 1176 1463 ille
1217 1422 1449 1465 ambitiose

152 1478 303 1534 faciet,
350 1482 400 1522 ut
442 1481 662 1536 potestate
706 1482 935 1523 contentus
981 1481 1051 1524 sit.
1122 1481 1331 1537 quidquid
1370 1485 1449 1538 est,

151 1538 300 1581 videat
337 1553 407 1582 me
445 1542 490 1582 et
520 1539 596 1582 illa
627 1540 781 1582 civitas
814 1540 976 1582 vicina:
1018 1540 1205 1583 multum
1237 1541 1326 1583 illis
1361 1555 1449 1583 ser-

153 1597 372 1641 vientibus
417 1598 615 1654 prodero.
685 1599 878 1654 videant,
921 1614 1006 1655 quo
1049 1601 1174 1642 vultu
1210 1603 1448 1656 tyrannum

151 1657 302 1712 feram,
328 1672 458 1714 quam
477 1658 704 1701 interritus
725 1659 936 1702 tribunali
955 1659 1047 1702 eius
1068 1659 1292 1715 adsistam,
1318 1675 1447 1716 quam
1476 1671 1519 1702 25

150 1731 219 1759 me
250 1716 362 1760 nihil
393 1717 550 1773 minae,
579 1717 691 1761 nihil
724 1718 937 1775 supplicia
968 1720 1065 1775 ipsa
1091 1722 1309 1763 moveant.
1350 1724 1446 1775 pot—

152 1779 222 1820 est
245 1776 353 1832 fieri,
383 1779 434 1819 ut
466 1777 718 1821 exhortetur
743 1778 846 1821 illos
871 1778 943 1821 hic
969 1778 1141 1822 animus
1173 1794 1309 1835 meus,
1339 1779 1447 1822 haec

149 1850 247 1878 mea
290 1851 424 1879 mens,
485 1836 627 1880 Vobis
667 1837 840 1893 quidem
885 1838 1104 1881 custodire
1142 1853 1314 1895 pacem,
1351 1839 1447 1882 red-

149 1895 249 1938 dere
287 1896 478 1951 quietem
519 1897 660 1939 maius
699 1897 796 1953 ipso
835 1898 1130 1953 tyrannicidio
1169 1901 1288 1954 puto.
1344 1913 1447 1941 nam

150 1954 186 1996 si
223 1955 386 1998 bellum
423 1955 643 2012 imminet,
688 1957 725 1999 si
770 1957 1009 2012 periculum
1048 1958 1252 2001 universa
1290 1958 1445 2000 civitas
1472 1969 1518 2000 30

148 2013 299 2057 habet:
337 2015 453 2070 quod
483 2015 620 2071 illum,
653 2016 774 2059 cuius
804 2017 981 2059 nomine
1014 2017 1123 2059 mihi
1155 2018 1322 2073 gratias
1355 2018 1444 2074 agi·

148 2073 220 2128 tis,
252 2074 400 2130 occidi,
431 2075 667 2117 maximam
700 2076 824 2119 vobis
856 2077 1062 2119 iniuriam
1094 2077 1192 2119 feci.

204 2236 212 2243 ·
245 2194 266 2225 3
294 2201 421 2227 omne
446 2194 476 2225 Δ
496 2193 508 2237 ΙΙ
527 2196 549 2227 4
570 2191 863 2240 de<di>dissetis
883 2193 931 2229 Pi
950 2194 962 2238 ss
984 2198 1026 2230 16
1041 2194 1278 2240 posteritatis
1293 2197 1346 2228 Aa.
1365 2196 1376 2239 ΙΙ
1397 2198 1441 2230 17

148 2236 282 2291 (yria)
307 2238 366 2274 Ro
395 2241 408 2292 [l
439 2243 483 2293 23
510 2239 667 2275 videant
691 2243 717 2273 B
745 2242 756 2286 ΙΙ
780 2243 826 2276 28
852 2252 936 2277 mea
962 2251 1027 2278 om.
1055 2245 1081 2275 P
1100 2243 1112 2287 ΙΙ
1132 2246 1175 2277 31
1205 2241 1354 2288 sagittis
1381 2252 1442 2277 oc-

151 2284 227 2320 eldl
251 2288 315 2330 Aa,
342 2287 474 2331 agittis
501 2298 577 2323 occ.
604 2290 657 2321 Ab
