1560 2462
222 116 272 151 IV
711 116 990 153 PRAEFATIO.

223 215 343 253 sticae
368 227 438 263 per
465 226 598 252 omnes
624 217 756 263 partes
781 215 989 266 perfectae,
1016 229 1115 266 quae
1139 229 1218 256 non
1237 218 1340 256 solas
1361 230 1479 267 quae-

227 278 372 316 stiones
405 279 445 316 et
476 290 565 316 ossa
595 278 664 316 illa
689 278 877 316 orationis
903 280 1084 318 exhibeat
1109 275 1176 333 (cf.
1201 280 1361 325 Quintil.
1386 281 1476 320 inst.

223 355 278 380 or.
297 342 349 392 II,
371 344 407 392 6,
431 345 451 380 1
477 355 570 391 sqq.,
602 342 807 380 Sermones
835 343 946 381 decll.
973 345 1056 383 270
1082 346 1122 382 et
1148 340 1262 397 314).
1311 345 1478 384 Divisio-

223 420 293 446 nes
325 408 417 446 sunt
446 407 577 455 potius
607 406 671 444 vel
702 406 871 444 medium
904 409 1095 456 quoddam
1125 409 1337 458 pleraeque
1363 403 1478 461 (quot

223 471 380 520 quidem
416 483 496 508 non
533 471 615 508 solo
653 467 879 518 „sermone“
915 467 1183 524 continentur)
1219 473 1322 511 inter
1351 473 1476 511 decla-

223 535 434 572 mationem
462 536 503 572 et
527 534 757 572 divisionem
783 546 907 582 genus
933 534 1117 584 efficiunt,
1148 533 1302 574 Albutii
1325 536 1403 574 illis
1429 537 1479 575 si-

224 598 348 648 miles,
381 598 427 635 de
452 610 528 647 quo
554 597 658 646 apud
683 597 869 636 Senecam
894 593 1085 651 (prooem.
1103 599 1168 637 lib.
1187 594 1286 652 VII)
1309 601 1476 650 legimus

222 662 308 699 illa:
346 673 460 711 „raro
499 663 625 700 totam
656 662 959 700 controversiam
991 664 1196 712 implebat:
1233 677 1310 703 non
1340 677 1476 714 posses

223 725 351 763 dicere
377 725 607 763 divisionem
634 738 731 774 esse,
756 740 834 765 non
858 739 992 775 posses
1015 727 1354 767 declamationem:
1377 731 1476 767 tam-

223 803 341 839 quam
373 789 648 827 declamationi
679 790 847 828 multum
878 791 1030 840 deerat,
1066 793 1267 841 tamquam
1297 783 1478 830 divisioni

221 854 393 891 multum
416 851 654 901 supererat.“
691 853 801 893 Alios
822 868 975 904 quoque
993 857 1266 904 praeceptores
1285 856 1326 893 et
1344 867 1476 894 omnes

224 918 330 955 certe
355 929 434 966 eOS,
463 917 530 965 qui
554 917 682 955 minus
707 918 748 954 id
774 918 1003 966 spectabant
1027 920 1072 956 ut
1096 919 1337 957 delectarent
1360 930 1478 967 quam

223 982 269 1018 ut
288 981 471 1019 docerent
490 979 710 1030 discipulos,
738 981 857 1019 simili
875 982 1025 1020 ratione
1045 982 1348 1020 existimaverim
1368 982 1476 1020 scho-

222 1045 280 1082 las
314 1056 404 1083 suas
435 1044 631 1082 habuisse.

311 1109 363 1146 Et
389 1107 672 1153 Quintilianum
704 1108 860 1157 quidem
890 1121 967 1146 non
998 1102 1114 1147 aliter
1144 1109 1392 1148 consuevisse
1421 1109 1477 1146 fa-

224 1185 323 1220 cere,
354 1171 501 1220 apertis
533 1171 616 1220 ipse
642 1171 772 1210 verbis
799 1172 956 1220 exponit
981 1167 1092 1224 (inst.
1112 1185 1166 1211 or.
1185 1172 1237 1221 II,
1259 1175 1338 1220 6,,1
1356 1167 1477 1224 sqq.):

227 1236 325 1284 „fuit
356 1232 509 1283 etiam“,
547 1235 691 1284 inquit,
729 1236 792 1284 „in
822 1236 895 1273 hoc
926 1235 1124 1275 diversum
1154 1236 1478 1285 praecipientium

221 1298 485 1348 propositum,
517 1299 620 1347 quod
651 1311 786 1336 eorum
817 1299 975 1348 quidam
1006 1301 1209 1349 materias,
1240 1312 1336 1349 quas
1367 1300 1479 1338 disci-

221 1363 326 1411 pulis
358 1363 407 1400 ad
439 1362 643 1400 dicendum
675 1363 833 1412 dabant,
864 1375 942 1400 non
972 1363 1144 1401 contenti
1173 1363 1363 1402 divisione
1387 1363 1479 1400 diri-

221 1438 315 1474 gere
345 1425 466 1463 latius
498 1424 659 1465 dicendo
691 1426 1045 1474 prosequebantur,
1082 1438 1153 1464 nec
1183 1427 1310 1466 solum
1339 1426 1478 1476 proba-

222 1489 395 1526 tionibus
438 1489 672 1538 implebant,
719 1490 787 1527 secl
825 1490 943 1527 etiam
982 1490 1212 1529 adfectibus.
1263 1490 1347 1539 alii,
1390 1502 1478 1528 cum

221 1552 369 1600 primas
394 1552 509 1589 modo
534 1553 658 1590 lineas
684 1553 899 1601 duxissent,
929 1554 1020 1600 post
1045 1553 1358 1603 declamationes,
1383 1552 1476 1602 quid

223 1615 419 1654 omisisset
448 1615 625 1664 quisque,
655 1616 891 1665 tractabant,
923 1617 1111 1664 quosdam
1141 1629 1234 1654 vero
1263 1617 1367 1654 locos
1398 1627 1475 1653 non

222 1679 370 1716 minore
407 1690 517 1726 cura,
553 1691 671 1727 quam
707 1691 795 1717 cum
832 1679 882 1716 ad
912 1679 1115 1716 dicendum
1151 1679 1229 1728 ipsi
1258 1681 1475 1727 surgerent,

223 1742 465 1780 excolebant.
514 1741 611 1780 utile
647 1744 858 1792 utrumque
889 1744 929 1780 et
957 1742 1044 1779 ideo
1075 1743 1296 1779 neutrum
1327 1743 1382 1780 ab
1413 1742 1478 1779 al-

222 1807 324 1844 tero
364 1818 550 1855 separo:
588 1806 657 1844 sed
695 1806 728 1844 si
764 1807 893 1845 facere
930 1810 1085 1846 tantum
1117 1808 1286 1846 alterum
1316 1819 1475 1846 necesse

223 1870 293 1917 sit,
327 1869 416 1917 plus
447 1869 623 1918 proderit
653 1871 944 1910 demonstrasse
974 1873 1120 1910 rectam
1150 1869 1328 1919 protinus
1358 1870 1475 1918 viam,

224 1945 341 1981 quam
383 1945 567 1971 revocare
610 1933 658 1971 ab
702 1947 833 1972 errore
876 1936 955 1974 iam
989 1935 1121 1983 lapsos
1148 1965 1156 1972 .
1183 1965 1190 1972 .
1218 1964 1225 1972 .
1274 1935 1475 1983 utraque

220 1997 378 2034 autem
408 1997 535 2035 ratio
567 1997 807 2036 miscenda
837 2003 925 2046 est,
957 2000 1002 2036 et
1032 1999 1100 2036 ita
1123 1997 1393 2047 tractanda,
1425 1999 1476 2035 ut

220 2060 354 2108 ipsae
384 2072 458 2098 res
489 2060 842 2109 postulabunt.“

311 2123 466 2162 Titulus
493 2125 632 2173 capitis
659 2124 753 2174 eius,
780 2138 827 2163 ex
852 2137 927 2174 quo
952 2124 1078 2174 petita
1102 2125 1193 2162 sunt
1219 2124 1317 2162 haec
1344 2124 1472 2174 verba,

222 2187 264 2224 in
289 2187 488 2224 codicibus
514 2189 590 2225 est:
616 2187 663 2226 de
689 2188 880 2227 divisione
905 2191 946 2227 et
967 2188 1250 2237 parenchiresi3
1275 2199 1374 2236 quae
1398 2200 1474 2227 vox

222 2250 319 2288 mihi
353 2250 511 2290 videtur
540 2251 582 2288 in
612 2264 701 2289 eum
733 2264 889 2290 sensum
921 2251 1159 2301 accipienda,
1194 2254 1239 2291 ut
1267 2254 1476 2302 praecepta
