1604 2488
260 89 343 130 120
737 89 1037 132 QUINTILIANI

257 210 382 249 quam
415 210 596 250 sponsor
628 196 865 238 solvissem:
897 211 1010 238 nunc
1041 197 1094 239 ad
1117 200 1160 239 te
1186 198 1357 240 transiit
1380 199 1515 252 patri·

255 254 457 307 monium,
489 253 593 307 <tu>
627 254 804 309 coepisti
834 254 969 296 vicem
999 255 1155 296 habere
1185 255 1364 298 heredis.
1411 257 1512 312 quid

256 312 367 352 enim
412 312 605 366 interest,
648 312 738 353 iure
781 313 1028 354 testamenti
1071 328 1096 354 a
1132 313 1328 356 defuncto
1368 315 1513 356 veniat

255 369 306 410 ad
338 372 381 411 te
412 369 637 424 hereditas,
668 384 722 411 an
752 371 845 424 lege
871 385 895 411 a
920 370 1117 412 vivente?
1147 371 1184 412 si
1207 371 1511 426 patrimonium

209 437 229 468 5
255 426 362 468 mihi
392 428 589 482 persequi
619 428 730 482 licet,
762 429 814 469 ad
844 431 887 470 te
911 428 1082 470 redeam
1111 442 1282 472 necesse
1313 432 1389 472 est.
1449 430 1512 471 ita

254 484 381 539 istud,
411 486 523 538 quod
555 486 744 540 accipere
774 500 860 528 non
890 489 1029 541 potes,
1069 486 1105 528 si
1135 501 1279 541 posses
1311 487 1514 541 accipere,

256 542 455 584 solveres.

767 623 996 667 SERMO.

340 704 457 746 Haec
483 705 534 746 de
559 706 661 760 iure,
692 706 766 747 illa
791 707 876 747 iam
903 706 952 747 de
979 706 1368 760 circumscriptione
1385 706 1514 748 huius

186 773 228 804 10
256 764 487 816 sponsoris.

666 843 1100 888 DECLAMATIO.

337 923 432 980 Ego
463 925 635 966 fortiter
666 926 875 979 spopondi
907 926 996 967 sine
1027 926 1214 980 periculo
1245 940 1322 980 pro
1355 940 1404 968 eo
1435 926 1510 968 ho·

249 982 375 1036 mine,
400 983 474 1036 qui
501 983 610 1025 bona
634 983 838 1025 habebat:
863 988 911 1025 tu
935 997 1151 1038 quousque
1177 984 1400 1026 avaritiam
1418 997 1511 1038 per-

251 1039 439 1081 duxisti?
485 1055 636 1095 parum
675 1043 740 1083 est
775 1041 985 1083 faenerari
1017 1041 1210 1083 civibus?
1247 1041 1338 1082 sine
1370 1041 1516 1095 aliqua

182 1108 223 1139 15
249 1100 325 1139 tua
355 1097 504 1140 fraude
535 1099 695 1140 factum
726 1099 954 1153 videbitur,
984 1102 1033 1141 ut
1063 1099 1135 1154 qui
1168 1099 1306 1140 aliena
1335 1099 1515 1153 pecunia

249 1155 465 1209 utebatur,
502 1157 706 1198 incideret
735 1157 779 1198 in
810 1157 892 1199 hoc
921 1157 1194 1211 potissimum
1225 1156 1513 1198 adulterium?

251 1213 323 1254 sed
354 1213 550 1256 inciderit
581 1229 682 1256 sane
714 1212 869 1270 (neque
901 1215 1013 1256 enim
1044 1214 1150 1255 mihi
1181 1228 1309 1256 causa
1335 1229 1411 1269 pro
1435 1214 1512 1255 illo

249 1271 376 1312 hodie
408 1271 584 1314 dicenda
615 1271 716 1327 est):
754 1272 865 1327 quod
901 1272 1119 1327 protulisti
1152 1272 1302 1326 habes3
1344 1274 1387 1313 et
1415 1272 1513 1326 plus

251 1344 377 1383 quam
414 1330 634 1384 protulisti
672 1330 821 1372 habes:
861 1333 943 1384 est,
981 1330 1092 1384 quod
1122 1330 1167 1371 in
1195 1330 1384 1372 rationes
1414 1332 1513 1371 tuas

178 1398 223 1429 20
251 1390 471 1442 tamquam
522 1388 706 1430 creditor
753 1388 931 1442 referas3
975 1390 1058 1443 est,
1101 1388 1213 1443 quod
1256 1388 1301 1429 in
1346 1388 1512 1430 lucrum

252 1447 472 1500 tamquam
502 1446 682 1488 maritus
714 1446 885 1488 referas.

741 1583 1030 1629 CCLXXIV.

593 1664 840 1716 Tyrannus
872 1665 1175 1708 fulminatus.

248 1746 344 1796 QUO
377 1758 482 1796 QUIS
513 1758 634 1789 Loco
660 1758 861 1788 FULMINE
885 1758 1019 1790 lc'ros
1043 1759 1223 1801 FUERIT,
1251 1758 1412 1789 EODEM
1436 1757 1507 1788 SE-

174 1815 219 1846 25
363 1816 603 1847 PELIATUR.
649 1816 851 1847 TYRANNI
883 1816 1057 1847 CORPUS
1088 1816 1239 1846 EXTRA
1268 1815 1399 1847 FINES
1430 1816 1509 1846 AB·

363 1874 562 1906 ICIATUR.
624 1862 851 1917 Tyrannus
899 1864 945 1905 in
991 1863 1086 1905 foro
1134 1863 1384 1905 fulminatus
1424 1864 1511 1904 est:

367 1922 595 1976 quaeritur,
629 1935 682 1962 an
714 1921 861 1963 eodem
891 1921 986 1963 loco
1020 1921 1260 1976 sepeliatur.

344 2050 364 2081 2
390 2046 530 2099 *<tu>;
555 2046 706 2094 (nune)
731 2047 886 2091 coepisti
909 2048 986 2082 edd.
1006 2049 1058 2093 114
1082 2046 1164 2091 lege
1189 2046 1387 2082 adiuvante
1409 2049 1437 2080 B
1455 2048 1468 2091 Η
1487 2051 1510 2082 6

246 2092 278 2128 si
301 2093 484 2138 potuisses
509 2104 582 2128 acc.
609 2093 667 2128 Ro
697 2094 709 2138 ΙΙ
740 2097 760 2129 9
791 2093 895 2128 illam
929 2094 974 2128 de
999 2097 1051 2127 Aa
1074 2095 1086 2138 ΙΙ
1113 2059 1154 2127 182
1180 2093 1242 2138 eo]
1267 2103 1339 2137 quo
1363 2095 1390 2126 B
1421 2092 1433 2136 ΙΙ
1465 2096 1508 2127 14

246 2139 434 2175 faenerare
459 2142 524 2173 AB
556 2141 567 2184 ΙΙ
602 2144 645 2174 17
676 2150 796 2184 neque
823 2140 879 2185 εἷς
903 2143 930 2174 Β
961 2142 973 2185 ΙΙ
1003 2140 1079 2174 ullo
1103 2143 1133 2173 A
1163 2141 1175 2184 ΙΙ
1207 2143 1249 2174 18
1275 2140 1314 2174 et
1336 2138 1386 2183 pl.
1413 2151 1448 2183 q.
1472 2151 1509 2184 p.

246 2186 330 2221 hab.
357 2196 422 2221 om.
447 2188 474 2219 B
493 2187 505 2230 ΙΙ
527 2191 568 2221 19
595 2186 693 2230 quod
717 2185 991 2222 numerationes
1015 2188 1042 2219 B
