1578 2470
475 86 903 124 DECLAMATIONES.
928 85 1184 124 CCCLXXIX.
1378 87 1467 132 423

175 194 322 252 fuerit,
352 197 619 238 testamenta
649 195 890 251 perdemus.
940 195 1126 240 abdicas.
1182 196 1358 239 amavi?
1390 211 1467 252 po-

175 254 302 299 tavi?
333 257 378 298 et
407 255 597 298 fortasse
626 255 714 298 ista
745 255 932 299 donasti.
970 256 1085 298 tanti
1116 255 1317 312 supplicii
1350 255 1467 311 quod

174 314 340 358 crimen
370 314 463 357 est?

264 372 398 430 „Non
429 373 614 428 indicas,
644 373 804 429 inquit,
837 373 940 429 quid
972 374 1144 418 locutus
1178 373 1277 417 sis.“
1325 374 1464 430 Finge

173 433 311 476 nolle:
342 433 456 476 licet.
487 433 770 489 magistratus
802 447 889 476 non
921 433 1068 490 exigit,
1098 434 1243 489 patria
1274 448 1364 477 non
1395 448 1463 476 ex·
1489 445 1511 478 5

172 492 278 549 igit3
323 493 359 535 si
399 492 663 548 proditorem
699 495 829 547 putas
836 526 847 548 ,
891 507 1058 536 accusa.
1120 496 1222 536 sunt
1253 493 1463 549 quaedam

175 555 356 608 secreta,
381 551 557 607 iudices,
589 554 633 594 et
658 551 792 594 animi
816 555 1047 607 parentum
1072 552 1267 608 imperiis
1293 554 1462 596 vacant.

644 691 985 737 GOGLXXIX.

280 776 426 820 Dives
457 789 485 819 a
515 775 729 831 parasito
762 776 996 829 sacrilego
1028 787 1141 820 reus
1172 776 1345 822 caedis,

171 861 344 916 Pauper
382 863 427 903 et
464 860 586 903 dives
618 859 796 902 inimici.
857 860 974 903 dives
1005 875 1241 916 pauperem
1272 861 1460 916 quodam
1487 872 1531 905 10

289 923 486 975 tempore
528 934 626 962 cum
668 934 801 962 uxore
845 920 1034 962 occisum
1074 920 1214 975 (sub)
1257 920 1460 964 adtherii

290 979 470 1022 crimine
507 978 553 1020 in
584 978 808 1033 publicum
841 979 1009 1021 abiecit.
1070 982 1224 1034 postea
1255 979 1458 1023 dimissus

289 1039 344 1081 ab
377 1052 428 1081 eo
460 1038 696 1093 parasitus,
732 1038 780 1080 in
812 1038 1041 1093 sacrilegio
1074 1037 1386 1095 deprehensus,
1436 1055 1458 1082 e

287 1098 384 1153 lege
414 1099 558 1140 tortus
589 1097 702 1139 inter
733 1097 820 1140 alia
851 1097 972 1153 dixit,
1004 1113 1029 1140 a
1061 1097 1194 1140 divite
1219 1113 1456 1154 pauperem

287 1157 414 1199 illum
445 1156 671 1199 inimicum
702 1156 861 1199 iniuria
894 1157 1097 1199 occisum.
1159 1157 1278 1200 dives
1312 1158 1455 1201 caedis
1483 1167 1527 1200 15

286 1230 385 1258 reus
417 1217 496 1258 est.

577 1331 1034 1376 DEOLAMATIO.

260 1415 352 1458 Reo
386 1415 528 1457 caedis
562 1415 664 1471 quid
697 1415 913 1458 obicitur?
950 1417 1212 1472 petulantia,
1248 1418 1453 1473 improbi-

165 1479 249 1531 tas,
280 1474 650 1530 circumscriptio?
681 1474 769 1517 ista
798 1489 854 1517 ne
878 1490 1045 1531 pauper
1069 1476 1244 1531 quidem
1270 1477 1452 1520 obiecit:

166 1549 244 1578 nec
280 1534 425 1590 potuit
459 1533 597 1577 latere
635 1536 736 1576 ante
774 1536 871 1577 acta
907 1534 999 1577 vita
1030 1536 1111 1578 sub
1144 1536 1355 1578 eiusmodi
1386 1537 1452 1579 in-
1477 1546 1523 1579 20

164 1594 308 1650 imico,
341 1607 468 1648 quem
499 1607 633 1649 usque
666 1607 716 1636 eo
749 1593 1050 1636 vehementem
1082 1594 1243 1651 dicitis,
1275 1598 1324 1638 ut
1355 1610 1452 1639 mea

164 1668 296 1696 manu
328 1654 443 1695 esset
472 1651 746 1707 iugulandus.

255 1710 338 1755 Sed
369 1711 594 1754 inimicum
626 1711 790 1754 occidi?
822 1712 980 1768 quem?
1010 1727 1260 1769 pauperem,
1292 1715 1366 1769 qui
1390 1715 1451 1757 ni-

162 1771 227 1814 hil
256 1771 302 1814 in
333 1770 464 1826 curia,
488 1770 602 1813 nihil
632 1771 678 1813 in
704 1771 906 1814 contione
931 1774 1116 1827 poterat.
1153 1772 1321 1816 inimici
1347 1778 1450 1817 sunt

162 1845 215 1874 ex
246 1831 354 1887 pari.
406 1829 481 1872 sed
511 1833 619 1885 puta
648 1830 874 1873 inimicum
906 1831 1059 1874 fuisse:
1091 1833 1243 1874 statim
1275 1833 1329 1874 ad
1354 1847 1448 1876 cae·
1475 1842 1522 1875 25

161 1889 259 1932 dem
291 1889 626 1944 confugiendum
659 1889 753 1931 est?
785 1889 1016 1932 verborum
1048 1891 1349 1934 contentiones
1381 1906 1447 1933 ar-

163 1948 247 1991 mis
277 1947 516 1990 finiuntur?
551 1948 683 1990 etiam
715 1947 915 1990 hostibus
940 1949 1144 2003 parcitur.
1187 1948 1348 1992 Caesar
1369 1949 1447 1993 Ca-

160 2008 256 2050 toni
292 2007 432 2049 voluit
468 2006 706 2062 ignoscere.
767 2006 934 2049 Deinde
972 2022 1070 2050 mea
1101 2023 1232 2051 manu
1265 2009 1444 2052 occido?

159 2069 251 2109 tam
290 2065 459 2108 efferati
496 2065 632 2107 animi
673 2066 798 2108 sum?
846 2081 934 2109 non
975 2082 1187 2110 venenum
1229 2071 1314 2124 est,
1356 2083 1444 2112 non

255 2185 279 2217 4
304 2181 487 2227 quidquid
511 2183 542 2215 A
561 2182 572 2227 ΙΙ
594 2185 636 2217 11
663 2181 787 2230 <sub>
799 2183 863 2218 Bu
881 2184 894 2229 [Ι
916 2187 957 2219 19
985 2184 1097 2229 quide
1122 2187 1152 2219 A
1171 2185 1182 2230 ΙΙ
1202 2188 1247 2220 22
1273 2184 1443 2231 iugulan—

157 2229 247 2265 dum
270 2233 298 2265 B
329 2231 342 2276 ΙΙ
373 2233 419 2266 24
450 2228 688 2265 contentione
719 2232 746 2264 B
777 2231 789 2276 ΙΙ
820 2234 865 2266 26
891 2232 950 2267 est
973 2242 1039 2268 om.
1065 2234 1092 2266 B
1123 2232 1135 2277 ss
1166 2235 1213 2268 28
1238 2232 1334 2269 dede
1360 2233 1447 2280 meai.

158 2279 191 2311 A
208 2277 220 2322 ΙΙ
239 2281 283 2313 29
310 2276 481 2313 afferenti
506 2279 552 2322 A,
579 2276 727 2312 efferaci
751 2281 777 2311 1²
