1604 2488
148 903 191 934 10

148 1192 190 1224 15

146 1483 192 1515 20

149 1773 192 1804 25

222 103 308 146 278
702 105 1001 148 QUINTILIANI

337 211 536 252 instituto
572 211 781 254 bonorum
818 212 1006 254 omnium
1043 227 1226 267 paupere
1262 216 1306 256 et
1335 214 1475 281 elogio

337 269 434 310 tali:
471 271 617 335 »peto,
655 272 702 311 ut
738 270 846 312 hanc
883 270 1164 313 hereditatem
1193 271 1395 314 restituas
1426 273 1477 327 ei,

337 327 406 368 cui
436 328 623 382 rogavi«.
655 328 762 381 petit
789 343 813 369 a
842 343 1025 394 paupere
1055 343 1161 371 uxor
1183 329 1475 384 hereditatem,

336 387 558 439 tamquam
588 385 686 427 fidei
717 387 1000 428 commissam.

735 570 963 613 SERMO.

307 662 416 711 Quid
454 662 661 704 dicimus?
711 663 922 717 quomodo
959 663 1065 705 haec
1112 677 1218 705 uxor
1265 666 1308 706 et
1354 663 1476 706 heres

218 719 299 761 erit
336 723 379 761 et
417 721 609 762 adultera
645 735 732 763 non
774 721 882 762 erit?
944 721 1174 776 quomodo,
1210 721 1247 763 si
1283 722 1475 764 conscius

215 777 377 819 nullius
408 778 563 833 fiagitii
593 778 676 820 fuit
706 779 902 830 maritus,
932 779 1047 821 illius
1079 779 1350 834 potissimum
1381 779 1479 821 fidei

216 835 323 878 haec
359 836 572 878 hereditas
610 837 811 879 mandata
842 837 936 879 est?
989 837 1241 879 invenienda
1271 840 1337 878 est
1366 836 1479 878 enim

218 894 362 948 aliqua
404 909 547 948 causa,
590 898 765 949 propter
808 909 934 949 quam
969 895 1093 936 heres
1137 896 1204 937 sit.
1269 894 1476 950 numquid

215 951 286 993 hio
328 951 444 993 dives
488 953 597 994 hanc
640 954 876 1007 speciosam
919 953 1160 994 adamavit?
1221 951 1335 1008 (cum
1383 953 1479 1006 ipsa

215 1009 337 1064 loqui
378 1010 487 1051 nihil
530 1025 656 1051 ausus
702 1013 784 1064 est,
827 1011 993 1052 locutus
1039 1014 1104 1051 est
1147 1024 1243 1052 cum
1278 1011 1392 1064 viro,
1421 1033 1477 1039 —-

217 1069 260 1109 et
302 1066 401 1109 inde
441 1066 616 1122 opinio.)
683 1069 781 1109 dum
814 1070 977 1122 captat,
1014 1068 1115 1109 fecit
1143 1066 1478 1109 testamentum?

217 1123 446 1179 Quaedam,
478 1126 647 1167 etiamsi
676 1125 866 1167 themate
895 1140 983 1167 non
1014 1126 1296 1179 continentur,
1324 1127 1478 1167 natura

216 1185 362 1224 tamen
394 1183 487 1237 ipsa
521 1183 749 1225 manifesta
782 1186 893 1225 sunt.
923 1185 950 1232 †
970 1183 1292 1224 matrimonium
1311 1183 1339 1235 †
1366 1181 1480 1224 inter

216 1240 295 1282 hos
319 1255 406 1282 non
431 1255 535 1295 esse,
560 1241 633 1296 qui
658 1241 842 1296 litigant,
875 1241 1041 1282 videtur
1065 1241 1169 1282 mihi
1192 1241 1284 1282 luce
1310 1239 1479 1282 clarius.

215 1312 302 1340 non
333 1299 446 1340 enim
478 1312 556 1353 ego
588 1299 793 1353 intellego
825 1299 983 1351 †litem
1008 1298 1106 1340 fidei
1129 1298 1259 1340 tacite
1285 1298 1479 1340 commis-

217 1357 344 1408 sam†
374 1358 458 1399 nisi
489 1357 669 1399 conscio.
730 1357 810 1398 hoc
848 1371 894 1398 eo
930 1357 1132 1411 pertinet,
1162 1370 1215 1397 ne
1246 1356 1340 1410 quis
1370 1354 1479 1397 iudi-

216 1429 313 1456 cum
344 1415 592 1456 manifestas
625 1415 768 1469 exigat
799 1415 1087 1469 probationes.
1129 1428 1216 1456 non
1246 1416 1311 1456 est
1335 1427 1478 1467 causa,

219 1487 327 1527 quae
359 1473 539 1527 recipiat
568 1475 738 1527 testem3
775 1487 863 1515 non
894 1475 958 1514 est
989 1487 1127 1526 causa,
1158 1486 1266 1526 quae
1296 1471 1478 1525 recipiat

218 1531 604 1585 consignationem:
649 1533 887 1573 scrutamur
923 1530 1225 1572 conscientiam
1263 1529 1371 1583 eius,
1407 1527 1479 1583 qui

219 1588 486 1630 adversarius
530 1591 605 1630 est.
676 1590 815 1630 totum
859 1602 959 1643 ergo
1009 1588 1090 1630 hoc
1132 1587 1319 1629 iudicum
1371 1599 1477 1641 opus

219 1648 295 1700 est,
339 1648 388 1687 ut
423 1646 641 1687 inveniant
678 1647 918 1699 veritatem3
961 1660 1067 1699 quae
1105 1646 1166 1687 ita
1199 1645 1370 1686 demum
1405 1657 1478 1698 po-

216 1704 319 1745 terit
361 1718 452 1745 esse
501 1703 728 1745 manifesta
770 1704 816 1744 in
864 1704 1003 1744 causis
1047 1702 1280 1744 latentibus
1322 1704 1366 1742 et
1407 1715 1479 1743 na-

217 1763 315 1803 tura
346 1762 547 1816 conditis,
579 1762 616 1803 si
645 1761 753 1802 nihil
786 1761 1123 1803 existimaverint
1154 1760 1364 1814 exiguum,
1395 1772 1479 1813 quo

316 1927 334 1957 1
361 1922 524 1959 omnium
549 1932 614 1958 om.
640 1925 666 1955 B
694 1923 706 1966 ΙΙ
735 1921 902 1966 elogio
928 1923 958 1954 Δ
985 1921 996 1965 ΙΙ
1022 1923 1088 1955 2-
1093 1923 1112 1954 3
1138 1919 1312 1954 restituas
1337 1930 1367 1955 e.
1394 1930 1479 1955 0.1.·.

219 1982 254 2015 p.
282 1981 314 2005 a.
340 1982 376 2015 p.
402 1982 437 2004 u.
462 1968 707 2004 hereditatem
732 1979 797 2003 om.
818 1971 875 2001 Bc
894 1968 905 2013 Η
925 1971 945 2002 6
972 1965 1159 2010 dicemus?
1184 1966 1259 2001 Aer
1275 1966 1287 2010 ΙΙ
1306 1969 1327 2000 8
1352 1966 1480 2010 poten-

219 2015 404 2051 tissimum
429 2018 482 2049 Aa
511 2016 523 2059 ΙΙ
556 2019 597 2049 11
624 2026 723 2049 011111
749 2018 778 2047 A
797 2015 808 2059 Η
835 2018 877 2048 13
904 2013 1006 2058 dum]
1033 2023 1115 2047 cum
1139 2015 1165 2045 Β
1184 2013 1196 2057 ΙΙ
1217 2015 1259 2047 15
1284 2011 1480 2047 manifesta

220 2062 320 2116 sunt]
353 2061 593 2097 manifestans
629 2064 688 2094 Bc
725 2062 737 2104 ss
777 2064 871 2095 15—
881 2065 923 2095 16
959 2062 1165 2103 expectatur
1195 2058 1300 2093 *rem
1330 2057 1480 2092 dubiam

219 2108 317 2143 inter
347 2108 415 2143 hos
441 2119 515 2143 non
546 2118 624 2142 esse
649 2108 659 2151 ΙΙ
694 2111 735 2141 16
760 2106 930 2141 videatur
954 2109 983 2139 Δ
1019 2107 1031 2150 ΙΙ
1066 2104 1172 2139 mihil
1197 2107 1226 2138 Δ
1261 2104 1274 2148 ΙΙ
1311 2107 1354 2138 17
1380 2113 1479 2138 com—

220 2156 372 2190 missam
397 2157 482 2198 AB,
521 2153 736 2189 commissae
765 2153 850 2196 Θῦν,
887 2164 921 2187 11.
947 2163 978 2187 e.
1004 2162 1034 2186 e.
1059 2152 1082 2186 i.
1108 2161 1184 2185 rem
1208 2149 1231 2185 f.
1258 2151 1285 2184 t.
1312 2149 1480 2185 commis-

222 2211 302 2236 sam
326 2200 416 2244 Sch;
446 2212 497 2235 an
521 2200 656 2234 *litem
679 2198 788 2234 taciti
811 2199 896 2233 fidei
922 2196 1107 2234 commissi
1130 2196 1180 2242 (ἓ)
1203 2198 1216 2241 ss
1234 2199 1279 2231 22
1303 2195 1479 2231 iudicium

221 2249 367 2292 1321124
391 2247 456 2282 lat.
482 2257 526 2282 ex
550 2258 585 2283 n.
610 2249 637 2280 Β
655 2247 667 2291 ΙΙ
685 2249 730 2281 25
756 2256 851 2289 quae
875 2248 927 2278 Aa
