1604 2488
228 461 247 492 (51

204 751 246 781 10

203 1038 245 1069 15

203 1327 246 1358 20

199 1615 243 1646 25

199 1915 243 1946 30

282 101 302 141 1
310 101 364 142 38
757 100 1036 143 QUINTILIAN
1040 102 1054 136 1

275 207 391 248 dam:
422 210 732 262 prospexerunt
756 208 1071 261 infirmioribus,
1094 211 1400 263 prospexerunt
1425 209 1528 250 leni-

276 266 433 308 oribus.
475 266 657 307 forsitan
689 266 979 320 cogitaverunt
1005 269 1048 308 et
1073 266 1191 317 illud,
1220 280 1307 309 non
1332 267 1526 308 omnibus

273 322 438 364 futuras
470 337 563 365 esse
601 323 730 377 vires3
771 323 834 364 ita
871 325 1213 377 temperaverunt
1243 324 1525 376 severitatem,

274 382 322 421 ut
352 380 586 422 vindicaret
616 395 659 423 se
691 381 901 435 quomodo
934 382 1110 435 quisque
1139 385 1296 435 posset.

361 449 462 491 Dixi
498 453 716 504 tamquam
752 465 831 504 pro
871 450 1039 504 iuvene,
1077 451 1163 492 dixi
1200 453 1418 506 tamquam
1448 466 1526 505 pro

274 508 445 549 marito:
476 508 699 549 dicendum
730 511 794 549 est
824 511 1040 561 tamquam
1071 523 1147 562 pro
1178 508 1391 562 inpubere.
1438 523 1525 551 non

274 579 340 606 me
378 565 547 607 hercule
578 566 680 607 satis
712 567 970 607 constituere
1003 566 1113 620 apud
1157 566 1343 608 animum
1386 581 1526 608 meum

272 637 465 677 possum,
503 638 557 664 an
592 624 688 664 huic
725 624 937 664 adulteros
974 624 1141 665 licuerit
1181 623 1380 666 occidere.
1443 638 1524 678 quo

273 681 385 722 enim
415 681 586 722 tandem
617 681 741 722 modo
767 681 1060 722 defenderetur
1084 681 1199 723 filius
1223 684 1334 735 tuus,
1366 681 1403 723 si
1428 683 1522 736 quis

272 739 501 792 extitisset,
537 739 609 793 qui
641 738 816 792 diceret,
852 739 1073 780 »occidisti
1113 739 1304 780 homines
1335 739 1521 781 nondum

274 797 465 838 maritus.
515 811 651 850 neque
682 797 793 838 enim
824 797 887 838 vis
919 797 1004 838 ista
1032 796 1216 838 nominis
1246 796 1421 838 huiusce
1452 811 1526 851 ap-

272 854 500 907 pellatione
537 854 676 907 prima
712 854 924 908 consistit,
967 868 1042 896 nec
1083 854 1186 896 satis
1224 858 1289 896 est
1325 854 1525 896 maritum

270 914 438 953 tantum
471 912 615 952 osculo
647 913 827 966 putari«
874 914 1025 966 postea
1055 911 1207 953 nudari
1237 911 1373 953 filium
1398 914 1526 966 atque

272 969 316 1009 in
335 971 562 1023 conspectu
581 969 766 1011 iudicum
786 969 986 1011 constitui
1006 970 1232 1024 coegissem
1253 972 1378 1023 atque
1396 969 1524 1011 inter-

270 1030 457 1081 rogaret,
497 1041 550 1068 an
580 1027 653 1068 ille
685 1027 862 1068 maritus
894 1030 1022 1081 esset,
1060 1027 1133 1081 qui
1161 1027 1252 1068 fieri
1283 1029 1406 1080 pater
1436 1040 1522 1068 non

270 1087 426 1138 posset.
460 1084 523 1125 Ac
547 1085 583 1125 si
601 1086 772 1126 tantum
797 1084 872 1138 illi,
897 1085 1116 1138 tamquam
1144 1084 1349 1133 adultero,
1373 1084 1526 1126 irasce-

269 1142 387 1195 reris,
413 1143 517 1183 satis
543 1144 633 1183 erat
657 1142 737 1183 hoc
762 1142 898 1183 dicere
923 1156 1001 1196 pro
1022 1142 1107 1183 filio
1127 1144 1220 1183 tuo:
1252 1144 1397 1195 »puto,
1421 1155 1522 1183 non-

271 1199 369 1240 dum
410 1199 595 1241 habebat
626 1199 770 1240 mariti
801 1200 1000 1241 dolorem.
1054 1199 1107 1240 ad
1138 1199 1312 1240 vulnera
1343 1199 1523 1240 adulteri

271 1260 313 1298 et
345 1257 514 1298 caedem
547 1261 589 1298 et
619 1257 913 1298 tristissimum
943 1256 1160 1298 occidendi
1189 1257 1373 1298 hominis
1405 1256 1525 1298 mini-

273 1316 447 1356 sterium
478 1329 634 1370 magno
666 1315 848 1369 quodam
879 1315 1039 1368 impetu
1071 1318 1114 1356 et
1143 1311 1211 1369 (ut
1241 1314 1303 1355 sic
1326 1312 1524 1368 dixerim)

270 1373 412 1414 furore
445 1387 550 1426 opus
583 1376 658 1414 est.
698 1387 775 1413 nec
805 1373 936 1414 miror
969 1386 1039 1413 eos
1065 1371 1279 1425 concitari,
1311 1371 1383 1425 qui
1411 1374 1523 1413 vete-

270 1444 359 1471 rem
390 1431 652 1472 matrimonii
684 1430 1043 1483 consuetudinem‚
1075 1430 1147 1483 qui
1176 1429 1382 1483 pudorem
1409 1429 1524 1470 cubi-

272 1489 366 1542 culi,
397 1489 470 1542 qui
502 1502 619 1542 spem
650 1488 879 1529 liberorum
910 1490 1194 1542 expugnatam
1220 1500 1310 1529 esse
1336 1487 1523 1539 credunt,

270 1546 342 1599 qui
389 1546 488 1587 illos
538 1546 726 1587 occultos
777 1547 902 1599 atque
950 1544 1254 1586 inenarrabiles
1302 1544 1523 1599 patiuntur

270 1606 430 1644 aestus:
461 1617 545 1644 non
578 1605 720 1660 potest
747 1616 919 1644 uxorem
945 1617 1064 1644 suam
1090 1603 1149 1644 sic
1174 1602 1325 1655 odisse,
1355 1602 1428 1656 qui
1452 1601 1523 1643 ad-

269 1660 351 1701 huc
381 1675 522 1702 amare
551 1675 638 1702 non
668 1661 847 1714 potuit«

355 1729 519 1771 Verum
550 1730 615 1771 illi
646 1743 811 1784 quoque
838 1729 950 1783 parti
975 1727 1307 1782 respondendum
1333 1731 1523 1786 est‚*qua

270 1787 565 1829 vindicandam
597 1787 781 1842 priorem
811 1787 1009 1828 iniuriam
1039 1786 1170 1828 fuisse
1202 1786 1319 1839 dicit3
1357 1786 1408 1827 de
1440 1799 1523 1840 qua

269 1845 406 1899 hodie,
438 1846 536 1887 dum
568 1845 747 1897 abdicat,
786 1845 923 1886 multa
953 1844 1223 1886 vehementer
1253 1844 1521 1898 graviterque

271 1903 391 1944 dixit:
430 1917 524 1944 cum
554 1903 692 1957 fieret,
729 1903 910 1944 tacebat.
969 1916 1055 1943 non
1086 1902 1279 1942 existimo
1312 1901 1415 1943 adeo
1445 1901 1523 1942 ini-

269 1961 424 2002 micum
462 1961 551 2002 filio
591 1974 666 2001 suo
703 1963 886 2014 patrem,
925 1960 1115 2014 quamvis
1148 1959 1330 2012 abdicet,
1367 1961 1415 2000 ut
1446 1958 1522 1999 ali-

364 2101 382 2131 1
409 2097 608 2132 levioribus
633 2100 659 2130 B
691 2098 703 2140 ΙΙ
730 2101 752 2131 4
776 2096 962 2132 vindicare
987 2098 1051 2129 AB
1082 2097 1093 2140 Η
1123 2095 1286 2140 possidet
1310 2097 1361 2128 Aa
1384 2096 1395 2139 ΙΙ
1421 2098 1440 2128 5
1466 2094 1521 2128 di-

268 2143 323 2178 xit
346 2147 373 2177 B
397 2145 409 2187 ΙΙ
435 2143 528 2178 dixit
551 2146 577 2176 B
597 2144 607 2187 ΙΙ
627 2147 647 2177 8
673 2143 819 2178 licuerit
842 2142 1027 2177 adulteros
1051 2145 1078 2175 B
1102 2143 1114 2185 ΙΙ
1141 2146 1182 2175 11
1207 2151 1272 2175 nec
1297 2143 1324 2173 B
1354 2142 1366 2185 ΙΙ
1399 2144 1441 2174 14
1465 2140 1520 2174 iu-

270 2190 465 2268 diciumBA
508 2192 519 2233 ΙΙ
564 2193 605 2224 18
636 2189 772 2224 habeat
801 2192 826 2222 1²
867 2190 878 2232 ΙΙ
923 2192 964 2223 19
997 2187 1154 2223 occideri
1183 2190 1208 2220 B
1245 2188 1257 2230 ss
1293 2190 1336 2221 27
1369 2186 1456 2230 quia
1479 2190 1520 2231 Δ,

269 2248 377 2280 quam
