1604 2488
453 98 879 136 DECLAMATIONES.
918 98 1106 135 CCLXIX.
1386 99 1442 143 97

152 208 357 251 humanis
389 209 585 264 potuisse
617 209 805 264 ingeniis
837 208 1038 264 inveniri3
1072 209 1160 250 sive
1192 208 1286 263 ipsa
1312 208 1444 250 medi-

152 267 251 310 cina
293 281 372 322 per
415 282 460 310 se
500 282 670 310 sacrum
702 270 780 310 est.
842 266 1163 311 Contendamus
1197 282 1298 310 sane
1331 267 1445 323 apud

157 340 348 369 securos:
399 327 436 369 si
477 341 604 382 quem
636 325 771 383 (quod
803 327 917 369 absit
948 326 1166 383 omnibus)
1199 327 1345 369 subita
1377 327 1446 369 de-

154 385 433 441 prehenderit
476 385 694 442 valetudo,
744 388 1016 429 oratoremne
1061 386 1287 429 consulet?
1341 386 1446 442 quid

154 459 268 487 nunc
299 458 380 500 ego
414 459 678 500 enumerem,
715 447 866 488 contra
898 447 1003 500 quot
1033 445 1233 488 fortunae
1265 445 1445 488 iniurias

156 503 371 546 medicina
415 504 677 547 advocetur?
726 505 848 547 illam
886 505 1194 560 valetudinem,
1235 519 1321 561 qua
1359 505 1448 560 spi-

155 563 267 606 ritus
304 563 550 619 frangitur?
595 578 652 606 an
688 564 828 619 illam,
874 578 958 620 qua
995 564 1111 606 visus
1143 563 1447 620 periclitatur?

157 633 215 664 an
245 622 380 678 illam,
412 637 497 679 qua
527 623 702 665 vulnera
734 623 923 666 curanda
949 623 1080 666 sunt?
1113 638 1169 666 an
1194 623 1330 679 illam,
1363 638 1447 679 qua

157 681 372 724 debilitati
432 682 699 725 occurritur?
755 697 1003 725 removeam
1052 683 1330 726 medicinam:
1386 685 1447 737 tu,

157 740 428 796 philosophe,
459 741 782 784 consolaberis?
814 742 928 797 quod
953 742 1180 784 hominum
1206 755 1341 798 genus
1369 744 1447 796 est,

159 800 232 855 qui
264 814 403 855 sexus,
434 815 543 856 quae
576 803 712 855 aetas,
755 815 863 856 quae
896 815 983 844 non
1013 801 1249 844 utilitatem
1282 815 1333 844 ex
1364 801 1446 844 hac

158 859 311 914 petat?
349 859 507 915 itaque,
539 860 711 903 etiamsi
742 860 954 903 medicina
985 861 1100 903 vinci
1131 860 1224 904 fata
1254 875 1342 903 non
1373 874 1447 916 po-

158 919 353 974 tuerunt,
396 919 630 975 productus
668 922 816 962 tamen
854 934 991 976 usque
1030 920 1140 975 (eo)
1173 934 1200 962 α
1231 933 1294 962 me
1324 923 1448 976 pater

158 979 320 1032 noster,
351 977 425 1032 qui
455 980 543 1021 tres
575 979 734 1021 liberos
766 979 970 1022 habebat.

680 1142 933 1188 GCLXIX.

374 1225 518 1269 Dives
551 1226 640 1269 sub
672 1226 878 1280 tyranno
910 1227 1230 1271 auctionatus.

164 1320 391 1364 DEPOSITI
423 1332 494 1364 SIT
526 1333 678 1365 ACTIO.
731 1322 901 1377 Pauper
933 1325 976 1364 et
1007 1322 1126 1365 dives
1159 1322 1287 1365 amici
1318 1327 1452 1367 erant.

282 1380 463 1436 pauperi
490 1379 573 1423 duo
593 1381 679 1423 fflii
705 1383 829 1423 erant
849 1381 1156 1424 adulescentes.
1189 1396 1285 1424 cum
1305 1384 1452 1438 tyran-

282 1454 364 1482 nus
395 1453 488 1481 esse
521 1440 734 1495 coepisset
764 1440 810 1482 in
841 1440 1030 1495 civitate,
1061 1440 1180 1483 dives
1211 1440 1330 1484 facta
1356 1458 1453 1486 auc-

282 1498 402 1541 tione
445 1498 655 1541 discessit.
721 1514 870 1542 rumor
913 1502 1024 1554 erat,
1067 1499 1295 1555 pecuniam
1340 1502 1453 1558 apud

284 1571 518 1613 pauperem
557 1572 651 1600 esse
689 1558 942 1614 depositam.
1003 1561 1216 1614 tyrannus
1254 1562 1453 1604 arcessiit

284 1631 535 1672 pauperem:
579 1618 708 1660 torsit
746 1618 907 1673 ipsum,
949 1618 1079 1661 torsit
1116 1621 1159 1661 et
1195 1619 1310 1662 filios
1350 1621 1453 1664 eius.

283 1690 381 1718 cum
423 1676 496 1718 ille
533 1680 809 1733 pernegaret,
852 1691 982 1733 penes
1016 1692 1062 1720 se
1094 1692 1206 1733 esse,
1249 1679 1453 1723 dimissus

284 1737 362 1777 est.
385 1737 540 1791 postea
564 1739 775 1791 tyrannus
802 1737 967 1779 occisus
995 1739 1075 1780 est.
1106 1737 1295 1793 redi<i>t
1314 1739 1453 1783 dives:

282 1794 394 1850 petit
424 1795 666 1851 pecuniam,
699 1810 828 1851 quam
860 1810 906 1839 se
932 1796 1182 1852 deposuisse
1209 1797 1324 1853 apud
1350 1814 1452 1854 pau-

262 1914 282 1945 1
307 1910 437 1946 venire
463 1914 527 1955 Aa,
554 1912 749 1948 veniri'Ab
768 1913 780 1957 11
798 1912 884 1958 ipsu
911 1915 942 1947 A
960 1914 972 1958 11
992 1917 1013 1948 2
1039 1912 1300 1950 contendimus
1326 1915 1384 1951 Ro
1403 1917 1416 1961 11
1435 1920 1455 1952 3

168 1968 205 2002 q.
230 1957 330 1994 absit
354 1958 489 1994 ominis
516 1959 586 2003 Fr,
614 1972 648 2004 q.
676 1971 709 1995 a.
738 1971 849 1995 omen
875 1960 930 1996 Gr
948 1962 960 2006 11
979 1964 1000 1996 5
1026 1960 1157 1996 fotune
1183 1964 1214 1995 A
1232 1962 1243 2006 11
1265 1966 1284 1997 ’1
1309 1963 1456 2008 pericli-

166 2004 296 2040 tantur
319 2007 383 2039 AB
402 2006 414 2051 11
434 2009 454 2041 8
481 2006 645 2043 coranda
671 2009 701 2040 A
724 2007 738 2051 11
766 2011 810 2042 10
835 2007 1100 2053 philosophiae
1125 2012 1151 2042 P
1170 2009 1181 2053 11
1201 2010 1455 2046 consulaberis

167 2054 214 2097 B,
239 2052 444 2088 consuleris
469 2053 559 2089 Ran
589 2056 600 2099 11
635 2058 677 2088 11
704 2053 775 2089 hoc
802 2057 899 2088 ABG
930 2057 942 2100 11
975 2059 1018 2090 12
1044 2056 1150 2100 petet
1174 2059 1200 2089 B
1226 2057 1237 2101 11
1268 2056 1398 2102 itaque
1426 2057 1457 2092 si

166 2101 194 2133 B
213 2100 226 2144 11
244 2098 344 2135 vinei
368 2099 470 2136 facta
493 2103 547 2135 Aa
565 2103 577 2147 11
596 2104 798 2146 patuerunt
823 2104 853 2135 A
871 2102 883 2146 11
905 2106 948 2137 13
973 2113 1091 2147 usque
1117 2103 1166 2138 ad
1191 2114 1275 2138 eam
1300 2108 1371 2150 Ac,
1399 2117 1456 2140 us-

168 2155 241 2190 que
265 2146 315 2182 ad
339 2158 384 2183 ea
407 2150 447 2192 B,
472 2147 574 2196 (eo)
598 2159 714 2192 usque
739 2159 806 2194 per
831 2159 915 2184 eam
939 2149 1010 2194 Fr,
1034 2160 1151 2195 usque
1177 2151 1225 2185 ad
1252 2161 1335 2187 eam
1354 2154 1457 2188 aeta-

168 2193 247 2228 tem
265 2193 354 2238 Sch,
378 2206 495 2240 usque
522 2207 544 2230 a
569 2206 628 2230 me
654 2195 712 2231 Ro
732 2196 742 2240 ΙΙ
765 2200 808 2231 16
833 2197 991 2241 tyranne
1017 2199 1081 2240 Aa,
1107 2199 1282 2242 tyrranne
1309 2202 1360 2233 Ab
1381 2201 1393 2244 11
1414 2202 1456 2234 18

171 2241 278 2276 eraut
301 2252 368 2276 om.
394 2244 457 2276 AB
476 2243 488 2286 11
508 2247 551 2277 21
579 2253 733 2279 accere
759 2245 788 2276 A
807 2244 818 2288 11
838 2245 995 2280 accersit
1020 2247 1047 2278 B
1067 2246 1078 2290 11
1097 2249 1144 2280 24
1169 2245 1355 2294 *redi<i>t
1380 2248 1392 2291 11
1412 2250 1457 2281 25

172 2285 218 2321 de
244 2297 282 2322 se
307 2288 474 2333 posuisse
499 2293 530 2323 A

244 2351 428 2384 Quintiliani
447 2355 540 2387 decl⁸⁷
561 2356 606 2381 ed.
626 2356 737 2382 Ritter.
1221 2355 1240 2386 7

1476 754 1519 786 10

1480 1158 1523 1189 15

1481 1513 1526 1544 20

1480 1809 1525 1841 25
