1586 2476
236 123 293 162 44
715 122 1015 165 QUINTILIANI

237 228 466 271 custodem.
497 228 676 283 inquiret
701 228 850 271 adhuc.
881 229 1063 271 forsitan
1087 231 1228 272 omnia
1252 231 1338 273 iam
1356 230 1498 273 videre

236 301 323 328 non
363 287 506 340 potuit
537 287 650 341 exul,
693 301 778 328 non
810 287 954 329 omnia
983 290 1074 329 tam
1105 288 1217 330 clare
1246 289 1498 344 perspicere.

235 343 317 385 hoc
360 345 496 385 visum
538 358 616 398 pro
660 345 858 398 opinione
896 346 1002 399 eius,
1045 345 1116 400 qui
1152 346 1373 388 absolutus
1415 349 1498 388 est:

236 416 322 443 non
346 402 579 455 timebitur,
605 402 805 456 quamdiu
830 403 900 444 hic
925 403 1056 445 fuerit
1078 404 1122 445 in
1142 404 1325 446 civitate.
1364 404 1497 446 immo

191 470 210 500 5
237 459 407 501 hercule
446 460 482 502 si
518 461 719 502 mentitus
757 463 838 511 est,
877 461 913 502 si
950 461 1099 503 fictum
1136 461 1290 504 detulit
1329 463 1499 513 crimen,

171 841 212 872 10

168 1223 210 1254 15

167 1548 211 1579 20

167 1919 210 1957 25

238 518 342 559 satis
385 517 545 572 alioqui
589 518 763 560 daturus
807 523 870 560 est
900 533 1133 573 poenarum
1163 520 1275 562 inter
1304 520 1501 566 inimicos

236 579 447 631 potentes,
479 578 522 618 et
552 576 747 618 inimicos
781 577 1004 632 gratiosos.

751 691 981 734 SERMO.

324 771 559 824 †Totam†
608 776 752 814 autem
796 773 991 815 existimo
1036 773 1365 816 commodiorem
1409 788 1501 816 esse

237 833 403 884 partem
435 830 661 872 diversam:
695 831 849 873 suadeo
880 831 966 882 his,
1000 832 1071 886 qui
1111 831 1267 874 dicturi
1298 834 1413 886 sunt,
1455 832 1501 873 in

236 888 355 930 illam
387 888 531 943 potius
564 889 824 930 incumbant.

783 1002 949 1047 CCLV.

557 1072 851 1125 Transfugae
881 1072 1177 1117 excludendi.

235 1153 353 1196 Inter
385 1155 489 1196 duas
521 1154 716 1197 civitates
748 1155 910 1196 bellum
942 1158 1044 1197 erat.
1087 1155 1133 1196 in
1165 1155 1343 1198 alteram
1374 1156 1501 1198 multi

352 1212 600 1267 transfugae
631 1213 870 1254 veniebant.
929 1213 1013 1254 fert
1045 1212 1216 1267 quidam
1245 1214 1405 1269 legem,
1447 1228 1502 1256 ne

354 1270 624 1325 recipiantur.

758 1339 986 1382 SERMO.

324 1421 521 1464 Proxime
565 1421 617 1463 ad
650 1421 863 1463 suasorias
897 1421 1061 1464 accedit
1091 1421 1172 1464 hoc
1203 1435 1358 1477 genus:
1400 1436 1502 1464 nam
1538 1413 1543 1420 ⁴

237 1483 280 1521 et
322 1480 609 1522 suasoriarum
649 1481 727 1532 [et]
765 1479 873 1534 legis
918 1481 1059 1522 suasio
1106 1482 1148 1522 et
1185 1479 1392 1522 dissuasio
1424 1483 1500 1522 est.

237 1537 353 1592 Ergo
385 1537 497 1579 dicet
527 1538 576 1591 is,
617 1538 690 1592 qui
721 1538 860 1592 legem
891 1537 1011 1592 feret,
1041 1552 1128 1579 non
1154 1551 1245 1579 esse
1275 1537 1502 1580 honestum

237 1596 424 1649 recipere
443 1594 704 1650 transfugas,
728 1595 836 1636 nihil
863 1595 1079 1649 prodesse,
1103 1595 1285 1637 forsitan
1304 1597 1342 1648 ·†
1368 1629 1375 1638 .
1403 1629 1411 1637 .
1437 1629 1447 1638 .
1471 1596 1502 1651 †

239 1653 291 1695 ad
328 1653 458 1694 finem
494 1653 608 1695 belli.
661 1667 890 1694 summum:
927 1653 1049 1708 illud,
1085 1655 1262 1708 propter
1291 1652 1403 1707 quod
1434 1653 1503 1695 lex

236 1711 384 1766 fertur,
415 1710 700 1765 periculosum
733 1725 835 1752 esse.

647 1824 1090 1869 DECLAMATIO.

325 1907 509 1949 Etiamsi
545 1921 633 1949 non
670 1911 784 1950 esset
821 1908 866 1949 in
903 1922 952 1950 eo
991 1910 1107 1949 statu
1137 1908 1314 1963 bellum,
1350 1911 1398 1951 ut
1428 1908 1502 1951 ho-

237 1968 362 2008 nesta
392 1966 583 2020 cogitare
614 1969 802 2007 vacaret:
834 1966 902 2007 vel
928 1980 1022 2007 cum
1049 1966 1238 2020 periculo
1262 1969 1406 2008 tamen
1431 1981 1503 2021 op-

334 2084 351 2114 1
378 2079 534 2124 inquirit
556 2082 638 2123 AB,
665 2090 754 2116 corr.
782 2079 839 2116 Ro
865 2082 876 2124 ΙΙ
903 2084 923 2115 2
950 2079 1050 2115 clara
1074 2082 1136 2113 AB
1155 2081 1206 2122 113
1231 2079 1359 2115 visuiri
1383 2083 1423 2124 A,
1448 2080 1502 2115 vi·

236 2126 310 2162 suri
333 2129 372 2169 B,
398 2136 486 2162 corr.
507 2126 564 2162 Ro
583 2127 594 2170 ΙΙ
615 2131 634 2162 7
661 2128 699 2162 et
722 2126 818 2162 inter
842 2126 942 2162 inim.
962 2130 988 2160 P
1005 2127 1018 2171 ΙΙ
1036 2129 1057 2160 8
1083 2125 1393 2162 DECLAMATIO
1418 2127 1502 2172 ΔΒΗ

236 2177 256 2208 9
282 2173 416 2218 totam]
443 2171 616 2217 quoniam
644 2172 690 2216 (?)
716 2173 774 2208 Ro
809 2175 821 2218 ss
859 2177 902 2208 10
933 2172 1081 2208 dicituri
1105 2175 1134 2206 Δ
1171 2174 1182 2217 Π
1220 2176 1260 2206 11
1293 2172 1500 2208 incumbo

236 2223 265 2253 A
284 2221 296 2264 ΙΙ
316 2222 359 2254 18
384 2218 572 2264 proximae
597 2222 638 2262 A,
664 2219 848 2264 proximas
874 2222 899 2253 B
919 2221 931 2264 ss
952 2223 993 2254 19
1019 2219 1116 2264 *[et]
1139 2221 1150 2264 Η
1169 2222 1213 2254 20
1239 2218 1331 2254 dicit
1354 2221 1380 2252 B
1399 2220 1412 2263 ΙΙ
1429 2218 1502 2254 fert
1568 2249 1572 2252 .

234 2269 261 2300 B
281 2270 292 2311 n
311 2271 352 2302 21
380 2267 531 2310 fortasse
555 2266 647 2300 nihil
673 2266 775 2310 prod.
802 2277 911 2311 posse
936 2265 984 2301 ad
1008 2265 1032 2301 f.
