1604 2488
160 829 202 859 10

158 1119 199 1150 15

153 1421 197 1452 20

150 1710 195 1742 25

235 109 322 151 270
715 111 829 154 QUIN
834 112 1015 150 TILIANI

234 230 348 271 pore.
420 231 520 259 nam
565 220 608 259 et
649 221 893 274 praesentia
934 222 1121 265 numinis
1164 223 1272 279 eius,
1313 225 1365 267 de
1408 240 1491 280 quo

235 274 389 330 agitur,
422 275 657 330 adprobata
688 280 764 319 est.

648 391 1077 437 DECLAMATIO.

319 469 432 513 Deos
470 472 718 515 inmortales
757 488 902 517 omnes
940 475 1127 532 quidem,
1168 479 1393 534 praecipue
1427 483 1490 523 ta—

230 543 328 570 men
357 543 516 571 numen
541 533 583 572 et
607 531 712 573 mihi
736 533 919 575 maxime
943 533 1154 577 familiare
1179 538 1232 591 et,
1263 537 1372 580 sicut
1394 553 1487 593 pro-

230 587 342 629 xime
377 589 539 643 experti
572 604 733 644 sumus,
776 592 1191 648 praesentissimum,
1221 594 1392 652 iudices,
1422 596 1486 638 in-

229 659 334 687 voco
367 648 464 688 ante
497 648 657 688 omnia:
695 651 743 689 ut
774 649 811 690 si
841 652 1037 704 respectu
1069 665 1303 708 sacrorum,
1333 653 1371 695 si
1399 655 1485 709 pie‘

227 705 332 757 tate,
375 704 412 745 si
454 705 661 760 religione
701 706 792 748 sola
834 706 984 750 ductus
1026 707 1107 750 feci
1154 709 1266 765 quod
1305 711 1487 754 obicitur

227 761 344 815 mihi,
369 762 502 804 velint
526 763 770 817 inpunitum
795 778 886 807 esse
912 765 1143 809 sacerdotis
1169 767 1371 824 officium3
1399 773 1486 812 tum

230 817 361 874 (quod
398 835 465 862 me
503 820 732 876 aliquando
770 823 1002 865 sollicitum
1038 823 1187 881 habet)
1229 839 1282 868 ne
1326 831 1487 884 aspere,

226 890 279 918 ne
322 878 431 920 irate
467 878 577 920 hanc
613 879 757 922 iudicii
793 880 946 923 faciem
986 882 1145 925 intueri
1186 883 1397 940 veli<n>t‚
1439 885 1486 927 in

228 949 310 989 qua
347 936 500 990 capitis
532 937 718 990 periculo
751 939 899 993 luitur,
936 940 1048 994 quod
1079 943 1287 996 templum
1319 943 1484 985 dedica?

225 995 317 1033 tum
349 997 426 1035 est.
476 1009 550 1037 oro
582 995 712 1049 igitur
743 999 871 1050 atque
903 997 1106 1053 obtestor,
1138 1001 1174 1040 si
1205 1000 1297 1041 fieri
1327 1003 1484 1055 potest,

224 1065 277 1092 ne
308 1051 499 1093 damnari
531 1067 597 1094 me
629 1053 780 1104 velint3
813 1054 849 1095 si
878 1055 1030 1109 minus,
1061 1070 1114 1097 ne
1139 1057 1361 1100 vindicari:
1390 1061 1484 1100 tue-

226 1111 433 1162 anturque
466 1110 684 1152 civitatem
715 1112 762 1153 in
786 1112 877 1166 hac,
908 1127 1035 1167 quam
1059 1115 1184 1156 modo
1208 1115 1365 1160 habere
1392 1131 1484 1159 coe—

224 1167 384 1220 pimus,
420 1182 534 1221 pace.
594 1169 724 1210 immo
762 1184 861 1211 vero
898 1170 1008 1212 hanc
1039 1173 1194 1214 vestris
1227 1173 1380 1225 animis
1411 1189 1484 1216 vo-

223 1224 451 1279 luntatem,
487 1225 570 1267 hoc
605 1227 874 1280 propositum
905 1229 1058 1270 mentis
1089 1230 1314 1286 inspirent,
1349 1245 1403 1273 ne
1434 1246 1483 1274 eo

223 1284 416 1336 tempore
448 1284 548 1326 deos
579 1284 747 1327 laedere
777 1286 930 1340 velitis,
961 1301 1043 1342 quo
1069 1287 1155 1329 illis
1181 1289 1267 1330 iam
1293 1289 1482 1332 Alexan-

224 1339 298 1382 der
330 1341 549 1383 satisfecit.

313 1410 406 1466 Qui,
436 1411 607 1454 etiamsi
637 1413 796 1456 beHum
829 1416 976 1457 contra
1004 1429 1083 1458 nos
1114 1415 1319 1458 traditum
1350 1431 1398 1459 ac
1421 1431 1484 1459 re-

221 1469 370 1511 lictum
413 1484 438 1512 a
480 1473 602 1525 patre
645 1486 777 1526 usque
814 1473 1019 1528 suscepit,
1062 1473 1231 1516 etiamsi
1265 1489 1352 1516 non
1390 1477 1481 1517 tam

220 1528 409 1583 propria,
447 1543 575 1582 quam
614 1528 874 1573 hereditaria
903 1531 1127 1574 nobiscum
1160 1533 1356 1575 constitit
1385 1547 1482 1575 con-

220 1585 428 1640 tentione,
477 1586 621 1628 omnia
656 1589 800 1630 tamen
838 1589 922 1631 alia
951 1589 1107 1644 inpune
1138 1589 1341 1633 faciebat:
1381 1591 1481 1633 dum

220 1657 287 1684 res
325 1643 438 1684 intra
475 1644 644 1686 caedem
681 1645 901 1689 hominum
939 1648 1082 1701 stetit,
1126 1647 1225 1690 dum
1261 1648 1374 1692 intra
1411 1664 1481 1692 va-

222 1701 427 1742 stationes
467 1715 666 1756 agrorum
698 1702 972 1758 (quamquam
1003 1705 1136 1747 totius
1168 1706 1298 1748 sancti
1330 1721 1379 1748 ac
1409 1721 1478 1748 ve-

218 1759 422 1801 nerabilis
443 1758 557 1815 soli),
583 1761 764 1802 secunda
788 1775 855 1803 res
881 1764 1042 1804 tamen:
1068 1777 1116 1804 ac
1135 1777 1188 1804 ne
1207 1763 1284 1805 illa
1303 1764 1480 1806 numina

220 1816 399 1871 quidem,
430 1831 537 1872 quae
570 1832 735 1873 semper
765 1820 969 1862 excubare
999 1820 1194 1863 videntur
1223 1835 1300 1877 pro
1326 1824 1478 1864 nostra

220 1875 411 1929 civitate,
449 1875 552 1917 satis
593 1877 646 1917 ad
681 1877 884 1919 tuendam
921 1879 1069 1921 urbem
1105 1879 1366 1933 profuerunt.
1432 1883 1480 1922 ut

218 1947 318 1974 vero
350 1933 492 1988 ignem
519 1934 650 1976 sacris
674 1935 883 1990 postibus,
911 1939 959 1978 ut
982 1937 1141 1979 ferrum
1165 1938 1481 1980 vetustissimae

313 2075 329 2105 1
357 2071 515 2107 nominis
539 2075 591 2106 Aa
621 2074 633 2118 ΙΙ
663 2077 683 2108 5
715 2085 846 2109 nomen
872 2076 924 2108 Aa
953 2075 965 2119 ΙΙ
997 2077 1016 2109 7
1041 2075 1082 2109 ut
1105 2085 1199 2118 resp.
1222 2077 1250 2108 B
1281 2075 1293 2119 ΙΙ
1321 2073 1473 2119 pietatis

217 2119 295 2161 AB,
319 2129 409 2154 corr.
434 2119 508 2153 Aer
526 2120 538 2163 ΙΙ
556 2122 576 2154 8
603 2119 725 2154 obitur
749 2124 777 2154 Δ
797 2122 846 2166 119
872 2120 963 2156 velit
987 2123 1033 2164 Δ,
1058 2120 1160 2156 velut
1183 2123 1226 2164 B,
1252 2131 1340 2157 corr.
1366 2121 1441 2156 Aer
1461 2122 1471 2167 j!

215 2174 311 2198 nunc
336 2167 412 2206 AB,
438 2176 527 2200 corr.
555 2165 629 2207 θη·
653 2165 738 2202 hinc
762 2167 820 2202 Ro
850 2168 861 2211 ΙΙ
893 2171 933 2202 11
961 2166 1130 2214 veli<n>t
1153 2168 1228 2202 Aer
1255 2168 1268 2211 ΙΙ
1300 2170 1342 2202 18
1367 2167 1468 2212 quod

215 2209 267 2244 ill.
292 2212 331 2254 Β,
356 2211 443 2254 quia
466 2211 518 2246 ill.
544 2216 570 2245 P
588 2214 600 2256 ΙΙ
618 2216 662 2247 22
688 2225 797 2257 quam
822 2224 888 2249 om.
913 2217 966 2248 Aa
983 2214 996 2258 u
1014 2217 1058 2248 25
1084 2213 1153 2249 soli
1170 2215 1246 2258 AB,
1271 2223 1360 2249 corr.
1377 2213 1472 2260 Obrl}

216 2260 259 2292 26
286 2267 405 2292 vener.
434 2269 553 2293 secun.
578 2261 604 2292 B
624 2259 805 2304 ”nomina
829 2263 858 2294 Δ
