1604 2488
390 101 817 140 DECLAMATIONES.
845 100 1033 139 CCCXIV.
1277 100 1364 144 235

73 213 232 258 falsum
270 226 364 255 esse
406 211 460 254 ad
499 214 602 254 vota
638 210 903 266 pertinebat,
950 210 1167 254 diversam
1210 210 1365 254 habuit

71 271 371 330 pronuntiatio
406 271 505 314 vim.
567 270 783 313 obiectum
826 272 892 313 est
934 270 1061 313 alicui
1098 270 1364 326 mortalium,

72 330 189 388 quod
218 333 389 387 patrem
421 330 666 385 occidisset3
708 329 824 386 quod
855 344 965 384 eum,
1006 331 1074 372 cui
1105 330 1263 385 lucem,
1296 330 1365 373 cui

72 391 180 436 haec
221 390 430 443 beneficia
476 404 621 433 rerum
664 392 845 432 naturae
876 389 1080 444 debebat,
1125 404 1204 432 sua
1235 404 1365 432 manu

71 450 349 494 trucidasset:
384 452 428 492 et
458 449 541 492 hoc
566 464 668 504 pars
694 449 883 492 iudicum
908 448 1119 492 credidit?
1153 463 1233 505 ego
1260 463 1363 491 vero

71 510 174 553 illos
213 513 257 552 et
293 509 434 566 probo
468 512 511 552 et
536 509 687 562 miror,
725 508 797 564 qui
829 508 1126 552 absolverunt:
1166 523 1268 564 pars
1301 511 1364 551 ta-

73 583 175 612 men
205 569 397 612 iudicum
428 568 738 624 pronuntiavit,
768 567 934 611 factum
963 582 1058 611 esse
1082 567 1364 624 parricidium

77 630 198 685 [pars
225 628 478 672 incredibile
499 629 624 681 esse].
655 627 736 671 hos
762 628 912 683 movit,
945 628 1060 684 quod
1085 627 1264 684 probari
1289 641 1363 683 po·

69 690 204 744 terat,
241 688 362 744 illos,
402 687 515 743 quod
552 687 716 743 negari.
778 701 878 730 reus
917 701 1021 744 ergo
1065 690 1288 743 suspectus
1321 689 1365 730 et

70 748 116 790 in
148 762 246 791 eam
276 749 446 803 partem
477 747 622 802 potius
655 746 947 801 accipiendus,
978 750 1027 789 ut
1059 746 1222 789 fecerit.

162 807 276 858 Quid
307 806 533 862 superest?
565 820 672 862 „per
703 805 966 849 dementiam
998 807 1220 849 confessus
1254 805 1363 848 est“.

71 869 117 909 at
149 866 256 909 mihi
286 881 365 922 pro
398 880 526 909 causa
558 880 655 908 mea
687 880 904 908 summum
933 865 1103 908 videtur
1134 879 1364 922 argumen-

70 928 164 968 tum
200 926 298 980 ipsa
334 925 569 980 dementia,
608 925 740 968 etiam
781 926 818 967 si
855 925 1080 968 confessus
1117 940 1207 968 non
1237 927 1364 968 esset.

68 999 159 1027 non
190 985 283 1027 sine
315 998 444 1027 causa
476 983 678 1027 videlicet
708 987 832 1027 vetus
864 984 943 1027 illa
969 987 1012 1027 et
1038 985 1216 1041 antiqua
1243 987 1363 1027 aetas

67 1043 263 1089 tradidit,
280 1056 372 1099 eos,
405 1044 478 1099 qui
510 1043 686 1099 aliquod
718 1044 1012 1086 commiserint
1045 1045 1203 1099 scelus,
1234 1043 1361 1086 furiis

67 1103 226 1160 agitari
258 1106 301 1146 et
330 1117 407 1158 per
435 1105 579 1146 totum
605 1103 754 1145 orbem
782 1103 867 1158 agi.
898 1106 948 1145 ut
972 1105 1153 1146 nomina
1178 1104 1364 1146 mentita

69 1163 177 1218 sint,
221 1165 271 1205 ut
309 1162 471 1218 aliquid
508 1163 682 1205 fabulae
713 1163 902 1218 fingant:
948 1163 1002 1205 ab
1035 1163 1183 1219 aliquo
1215 1165 1364 1205 tamen

71 1221 268 1277 exemplo
306 1222 392 1264 ista
430 1222 532 1276 <et>
572 1222 867 1277 experimento
907 1225 1131 1265 venerunt.
1198 1222 1364 1264 factum

69 1295 164 1324 esse
195 1280 360 1337 aliquid
389 1295 565 1324 necesse
598 1284 675 1335 est,
706 1283 755 1324 ut
785 1281 867 1324 hoc
901 1281 1103 1324 credibile
1134 1281 1363 1336 videretur,

67 1341 160 1383 sive
190 1340 310 1383 istud
335 1339 395 1382 dii
419 1340 692 1395 inmortales,
718 1341 792 1396 qui
816 1355 906 1383 non
930 1341 1101 1383 iudiciis
1126 1340 1240 1395 falli,
1272 1355 1363 1383 non

69 1399 214 1456 gratia
243 1399 560 1455 circumveniri,
589 1414 678 1442 non
709 1400 960 1455 ignorantia
992 1400 1133 1455 decipi
1166 1402 1363 1456 possunt,

68 1458 400 1502 constituerunt.
463 1472 544 1514 ego
582 1473 684 1501 vero
723 1459 920 1515 gratulor
959 1459 1229 1502 mortalitati.
1293 1474 1362 1502 co-

68 1518 158 1569 lite,
189 1517 403 1572 homines,
435 1518 733 1561 innocentiam
765 1520 808 1561 et
838 1519 1006 1561 nullam
1039 1533 1159 1575 spem
1192 1519 1362 1575 inpuni-

67 1577 176 1620 tatis
216 1592 270 1620 ex
307 1580 470 1620 secreto
510 1578 721 1620 scelerum
759 1578 1056 1634 conceperitis.
1118 1578 1222 1621 licet
1252 1578 1363 1621 nulli

68 1636 295 1679 hominum
325 1637 627 1692 prospexerint
658 1637 784 1691 oculi,
818 1637 923 1680 licet
952 1638 1076 1681 nulla
1108 1638 1362 1694 cuiusquam

69 1695 320 1753 mortalium
346 1697 612 1740 conscientia
635 1696 936 1739 intervenerit:
964 1697 1044 1740 sub
1073 1698 1191 1740 eaelo
1215 1700 1364 1740 tamen

68 1755 252 1812 fecistis,
302 1757 345 1799 et
392 1755 468 1798 ille
512 1756 633 1798 fusus
676 1771 755 1812 per
799 1771 948 1799 omnes
993 1771 1137 1800 rerum
1179 1761 1363 1800 naturae

65 1815 207 1870 partis
234 1815 411 1871 spiritus
438 1815 592 1858 adfuit:
619 1818 724 1870 erat,
744 1818 838 1859 erat
862 1816 953 1859 illic
979 1817 1199 1872 potentior
1223 1817 1361 1860 testis.

68 1889 157 1917 non
185 1874 359 1930 quidem
392 1875 505 1930 apud
531 1874 714 1917 iudicem
741 1875 852 1917 dicet
877 1890 956 1919 nec
983 1879 1205 1919 oratorum
1231 1877 1362 1919 inter—

166 1994 187 2026 2
212 1990 558 2036 pronuntiationem
583 1993 668 2034 AB,
694 2002 784 2026 corr.
813 1990 872 2027 Ro
902 1992 914 2037 ss
946 1996 966 2026 5
993 1990 1175 2028 iudicium
1200 1995 1265 2027 AB
1297 1994 1309 2038 ΙΙ
1342 1997 1362 2028 6

69 2038 160 2083 quia
184 2040 211 2072 B
231 2039 242 2084 ΙΙ
263 2041 283 2074 ‘¹1
308 2037 490 2074 iudicium
515 2041 630 2072 Anna
654 2040 666 2083 ss
687 2042 778 2074 7-8
805 2038 1048 2084 parricidium
1074 2051 1109 2085 p.
1136 2039 1160 2075 i.
1189 2051 1267 2076 esse
1294 2051 1361 2076 om.

69 2088 141 2129 Δις
167 2085 298 2132 *[pars
317 2085 538 2122 incredibile
565 2086 663 2132 esse]
684 2088 695 2132 ΙΙ
715 2090 760 2121 10
785 2085 911 2131 potius
937 2097 1005 2123 om.
1019 2090 1048 2121 Δ
1066 2089 1079 2132 ΙΙ
1101 2092 1142 2122 11
1165 2098 1362 2123 concessus

70 2134 153 2179 Asu
180 2136 224 2168 15
250 2133 519 2169 commiserunt
544 2136 625 2177 AB,
653 2144 743 2169 corr.
770 2133 829 2170 Ro
853 2136 865 2180 ss
893 2138 935 2170 16
962 2146 992 2183 c?
1020 2138 1050 2168 A
1068 2138 1080 2179 fl
1101 2137 1187 2170 sunt
1212 2138 1267 2169 Aa
1285 2138 1297 2181 11
1319 2139 1362 2170 18

63 2180 140 2216 ista
164 2180 421 2227 experimenta
445 2184 528 2226 AB,
568 2192 657 2217 corr.
684 2181 755 2217 Βοὴ
782 2182 793 2226 ΙΙ
824 2181 848 2216 f.
877 2183 934 2218 est
966 2182 1013 2217 al.
1048 2185 1111 2216 AB
1145 2184 1157 2228 ΙΙ
1190 2186 1236 2218 24
1261 2187 1297 2244 ᾆξ’
1321 2183 1364 2218 in

67 2252 235 2296 maraine
258 2254 290 2286 A
313 2252 325 2298 ΙΙ
351 2255 396 2287 25
422 2252 680 2297 perspexerint
703 2254 730 2286 Β
755 2253 768 2298 ΙΙ
793 2256 838 2288 26
863 2252 1092 2290 interveniat
1117 2257 1144 2288 B
1169 2255 1182 2299 ΙΙ
1205 2257 1253 2290 28
1281 2254 1361 2289 erat

72 2297 152 2333 illic
177 2301 207 2332 Δ
225 2299 237 2345 ΙΙ
255 2302 301 2334 29
326 2310 402 2334 non
426 2299 577 2344 quidem
604 2299 699 2335 ictor
724 2299 866 2336 artibus
891 2303 921 2335 A

1392 757 1435 789 10

1391 1053 1435 1085 15

1391 1351 1436 1383 20

1389 1648 1434 1680 25
