1604 2488
409 105 836 142 DECLAMATIONES.
862 104 1085 142 CCLXXIII.
1306 105 1390 147 117

98 229 196 258 rum
226 215 425 271 ingressa
455 219 713 258 nocturnum
747 215 842 270 iter,
871 229 958 257 non
985 214 1162 258 confusa
1186 215 1392 270 tenebris,

99 289 191 318 non
220 274 429 331 periculo,
465 275 572 318 vicit
608 289 735 317 cursu
774 277 981 329 aetatem,
1019 289 1183 330 sexum,
1213 274 1391 317 infirmi-

100 337 257 377 tatem:
289 335 320 391 †
340 334 476 377 secuti
495 336 523 386 †
555 335 686 389 cives,
725 334 936 390 quidquid
968 335 1149 390 dixerat,
1182 334 1391 390 quidquid

100 393 262 437 fecerat
294 397 442 437 mater.
495 394 612 437 salus
645 407 748 450 ergo
782 394 972 437 civitatis
1006 397 1049 437 et
1073 394 1274 446 victoria,
1306 408 1392 449 qua

98 467 213 496 nunc
238 453 488 510 gaudemus,
518 453 620 496 huic
650 453 871 497 debentur.
921 453 1005 496 hoc
1037 456 1104 497 est
1134 453 1391 496 enuntiare?
1418 463 1440 495 ὅ

592 570 904 616 CCLXXIII.

527 654 730 699 Debitor
761 654 968 699 adulter.

99 738 317 782 MARITUS
353 750 654 782 DEPREHENSI
686 751 928 782 ADULTEm
959 750 1088 782 BONA
1118 750 1391 782 POSSIDEAT.

218 809 457 841 ADVERSUS
483 810 758 842 SPONSOREM
785 810 857 842 sl'r
882 809 1038 854 Ac'rlo,
1065 810 1187 850 QUAE
1212 810 1390 841 ADVER-

221 869 300 901 SUS
326 869 611 901 DEBITOREM.
644 870 770 910 QUOD
797 869 1004 901 DEBrroR
1027 869 1125 901 NON
1145 869 1390 912 SOLVEm'r,
1419 869 1463 900 10

219 928 428 960 SPONSOR
460 929 654 960 SOLVAT.
697 917 882 968 Quidam
914 918 1155 960 debitorem
1189 933 1314 960 suum
1345 917 1392 960 in

220 976 432 1019 adulterio
464 976 758 1031 deprehendit.
806 977 920 1020 bona
952 978 1099 1020 omnia
1124 991 1175 1019 ex
1200 977 1297 1034 lege
1324 991 1391 1020 oc-

220 1036 410 1092 cupavit:
442 1036 554 1091 petit
584 1035 780 1079 debitum
813 1037 868 1079 ab
902 1051 1122 1092 sponsore.
1154 1036 1229 1079 ille
1261 1035 1307 1079 G.
1341 1036 1390 1079 D.

626 1153 862 1199 SERMO.

189 1236 450 1293 Priusquam
506 1239 702 1281 venimus
766 1239 819 1281 ad
876 1254 1072 1294 causam,
1134 1253 1393 1295 praeparare
1422 1248 1466 1281 15

103 1295 354 1340 debebimus
394 1298 583 1340 animum
624 1298 778 1341 iudicis
810 1313 890 1354 pro
922 1299 1019 1354 ipsa
1050 1313 1236 1354 persona
1269 1313 1393 1354 spon-

104 1369 225 1398 soris.

522 1427 978 1471 DEOLAMATIO.

192 1509 363 1553 Petitur
395 1526 419 1553 a
449 1512 577 1554 nobis
607 1512 808 1567 pecunia,
854 1527 982 1567 quam
1014 1527 1104 1555 non
1136 1513 1393 1570 accepimus,

101 1584 191 1612 non
221 1571 579 1626 consumpsimus,
610 1586 698 1613 non
729 1572 775 1613 in
806 1572 942 1614 ullum
968 1586 1114 1614 rerum
1142 1574 1392 1615 nostrarum
1419 1583 1465 1615 20

102 1643 230 1672 usum
261 1630 564 1673 convertimus.
613 1631 744 1673 etiam
777 1645 874 1673 cum
904 1631 1022 1674 istud
1052 1631 1295 1686 periculum
1327 1636 1395 1675 est

104 1689 340 1744 sponsoris,
371 1689 620 1732 miserabile
648 1693 732 1732 est:
764 1690 963 1733 bonitate
989 1691 1166 1747 labitur,
1196 1691 1394 1735 humani-

100 1749 193 1790 tate
230 1749 476 1791 conturbat.
536 1749 618 1792 hoc
657 1764 742 1806 quo
781 1750 1002 1805 pertinet?
1051 1765 1139 1794 non
1170 1753 1220 1794 ut
1251 1755 1392 1794 extor-

101 1821 256 1862 queam
287 1807 424 1863 vobis,
461 1808 637 1864 iudices,
667 1809 944 1865 religionem:
983 1810 1057 1852 sed
1088 1812 1138 1853 ut
1167 1811 1393 1867 intellega-

100 1866 180 1922 tis,
211 1866 324 1922 quod
356 1867 553 1922 profecto
586 1869 859 1924 cognoscitis,
889 1883 977 1911 non
1011 1884 1104 1912 esse
1136 1871 1394 1926 exigendum
1421 1880 1467 1912 25

102 1940 128 1968 a
171 1940 382 1980 sponsore
426 1927 657 1982 creditum,
701 1928 788 1970 nisi
830 1929 922 1970 iure
963 1943 1146 1972 summo.
1207 1929 1272 1972 De
1309 1944 1394 1985 quo

100 1984 353 2040 priusquam
384 1987 558 2041 loquor,
596 1987 834 2029 etiamnum
866 2002 934 2043 ea,
966 2003 1075 2044 quae
1106 1988 1394 2032 humanitatis

101 2046 146 2086 et
189 2045 512 2088 consuetudinis
558 2046 702 2101 gratia
746 2046 832 2089 dici
875 2047 1037 2102 solent,
1086 2062 1175 2090 non
1219 2049 1395 2092 omitto:

197 2164 218 2196 2
243 2160 462 2198 infirmitate
487 2165 518 2196 A
537 2164 548 2208 Η
568 2166 589 2197 3
617 2162 728 2198 sicuti
752 2165 779 2197 B
799 2164 811 2209 ΙΙ
838 2166 859 2199 5
885 2164 1077 2200 enunciari
1101 2167 1129 2199 B
1148 2166 1161 2211 ΙΙ
1180 2168 1201 2201 8
1226 2165 1393 2211 posside-

101 2207 169 2243 bat
191 2210 219 2242 B
251 2208 263 2253 ΙΙ
296 2213 338 2244 16
365 2210 552 2254 sponsoris
579 2221 655 2246 non
679 2209 719 2245 in
742 2209 851 2246 illum
875 2222 980 2247 reum
1006 2223 1074 2258 pro
1100 2214 1230 2248 nostra
1254 2215 1282 2246 B
1310 2215 1321 2259 ΙΙ
1347 2216 1392 2248 20

102 2264 201 2290 cons.
227 2266 297 2291 nec
322 2256 362 2291 in
386 2259 414 2290 B
445 2257 457 2302 ΙΙ
494 2257 601 2292 illum
628 2259 676 2301 Δ;
703 2257 822 2294 ullum
846 2270 971 2295 rerum
996 2261 1111 2296 nostr.
1139 2271 1206 2296 om.
1233 2263 1259 2293 B
1298 2261 1310 2304 ss
1347 2263 1393 2295 24

102 2300 283 2337 iudicium
307 2306 338 2337 A
357 2304 369 2348 u
388 2307 433 2339 28
460 2304 593 2340 amitto
620 2307 650 2338 Δ
