1578 2470
653 117 809 153 INDEX
833 117 859 153 1.

113 223 245 268 virgo
277 233 361 268 opp.
396 234 488 258 uxor
519 224 586 258 aut
609 223 724 258 vidua

140 274 195 315 12,
212 274 257 306 10
293 269 373 306 filia
389 282 458 306 nec
474 282 508 306 v.
522 281 592 305 nec
605 272 724 316 nupta

141 320 220 362 108,
237 321 282 353 22
325 318 481 364 virginis
501 317 723 364 appellatio-

137 377 225 401 nem
264 377 340 402 nox
375 365 562 401 maritalis
599 365 724 401 aufert

141 417 221 458 142,
243 417 286 448 17
333 413 378 448 ut
402 425 434 448 v.
460 412 649 459 pertineat
673 413 722 448 ad

136 462 302 506 patrem,
332 463 460 496 tamen
490 462 609 506 nupta
639 472 720 506 per-

136 508 236 544 tinet
260 509 309 544 ad
333 508 511 544 maritum
538 511 660 553 59,10

114 555 350 593 virilitate
391 556 513 591 excisa
559 555 722 601 pretium

137 602 353 658 alicui(us>
371 603 576 658 producere
597 606 678 648 345,
700 608 720 639 6

112 651 276 687 virtus·
310 663 343 686 v.
375 649 548 696 ingenita
573 653 721 696 364,14

136 711 172 734 v.
203 699 422 744 incorrupta
451 701 531 742 375,
552 702 597 733 22
647 698 720 734 vir-

136 746 230 782 tutis
255 747 376 782 honor
401 749 483 789 240,
505 750 551 781 24
601 746 719 782 virtu-

135 795 219 829 tum
241 793 385 830 fructus
411 797 492 837 240,
516 796 558 829 19
603 793 719 829 virtu-

135 843 194 877 tes
211 841 451 888 imperatoris
471 845 553 886 247,
570 845 614 877 16
650 841 718 876 1111-

137 899 206 925 1101·
243 888 409 935 corporis
441 901 476 924 v.
508 893 591 934 201,
611 893 632 924 8
684 902 718 924 v.

135 936 237 983 apud
254 937 374 972 malos
393 948 541 982 quoque
558 937 719 972 multum

135 983 373 1020 auctoritatis
391 984 510 1020 habet
529 988 584 1028 37,
600 988 644 1019 21
672 985 717 1028 cf.

136 1034 218 1077 282,
231 1035 272 1075 43
292 1036 374 1075 356,
389 1035 410 1067 5
447 1032 627 1068 virtutem
643 1043 719 1067 non

135 1090 246 1125 posse
279 1079 440 1116 conduci
470 1083 552 1124 364,
575 1084 593 1114 1
648 1079 718 1115 vir-

134 1127 235 1162 tutes
261 1127 402 1162 debent
426 1139 505 1162 esse
529 1126 718 1173 gratuitae

135 1177 216 1219 402,
238 1178 281 1210 17
332 1175 516 1210 virtutum
546 1174 717 1209 intellec-

134 1221 218 1257 tum
261 1232 387 1257 rerum
423 1223 559 1257 natura
598 1221 720 1256 *fecit

136 1271 217 1314 282,
238 1273 260 1304 3
303 1282 337 1304 v.
365 1269 456 1305 olim
477 1269 598 1315 magis
618 1280 717 1304 com-

135 1327 246 1352 mune
283 1317 423 1353 bonum
457 1318 538 1352 erat
570 1319 649 1360 374,
672 1320 718 1352 26

136 1375 249 1410 saepe
268 1364 307 1400 in
327 1365 466 1400 scelere
487 1363 633 1408 aliquid
646 1363 717 1398 vir—

135 1412 229 1447 tutis
255 1414 312 1447 est
339 1416 371 1456 7,
392 1415 438 1446 23
487 1424 519 1448 v.
547 1410 682 1447 vitium

110 1458 197 1495 vis:
223 1459 301 1495 vim
325 1459 405 1505 legi
430 1459 609 1495 adhibere
636 1462 717 1503 201,

137 1510 180 1542 13
224 1519 259 1543 v.
285 1507 478 1542 numinum
502 1511 582 1552 146,
596 1510 641 1541 27
682 1519 718 1543 v.

135 1554 327 1600 sanguinis
347 1558 429 1599 259,
449 1559 493 1590 27
538 1567 573 1591 v.
594 1553 718 1590 odoris

135 1605 216 1648 264,
237 1606 257 1639 7
308 1602 407 1638 vires
440 1602 718 1638 controversiae

136 1653 216 1694 180,
242 1654 288 1686 26
345 1661 457 1695 supra
493 1650 718 1685 facultatum

132 1697 231 1733 vires
271 1701 350 1742 185,
372 1701 417 1732 22
451 1718 496 1723 —
527 1710 561 1733 v.
600 1698 718 1732 testa-

133 1745 253 1781 menti
275 1749 332 1791 92,
353 1748 375 1780 8
421 1757 452 1780 v.
480 1745 637 1780 duorum
662 1745 718 1779 iu-

135 1792 318 1829 diciorum
338 1797 420 1837 220,
442 1796 484 1828 11
528 1793 601 1828 duo
621 1793 715 1828 haec

131 1841 269 1876 natura
293 1841 333 1876 et
355 1840 395 1876 vi
422 1844 501 1885 127,
522 1844 542 1875 2
593 1852 625 1876 v.
653 1851 716 1875 no-

133 1887 244 1923 minis
281 1888 437 1934 (mariti)
471 1891 551 1932 138,
581 1891 623 1922 11
680 1900 715 1924 v.

134 1935 243 1970 istius
276 1935 382 1971 verbi
407 1935 455 1970 ad
480 1935 577 1970 hanc
601 1935 715 1970 inter-

131 1982 382 2027 pretationem
413 1982 611 2018 deducitur
634 1986 716 2026 233,

133 2032 180 2065 26
216 2041 250 2065 v.
276 2029 369 2065 iuris
395 2034 452 2073 80,
475 2033 519 2065 12
560 2043 593 2065 v.
619 2029 715 2075 legis

135 2080 251 2120 70,9;
279 2080 586 2122 78‚10;126,29
622 2078 718 2113 v.et

131 2126 302 2170 potestas
315 2125 389 2171 leg.
409 2136 491 2171 opp.
506 2125 623 2160 verba
634 2128 716 2170 301,

135 2175 179 2206 11
217 2172 293 2208 vim
312 2172 407 2219 legis
422 2173 622 2208 extenuare
637 2176 715 2217 192,

134 2222 180 2255 18
240 2221 318 2256 vim
366 2222 405 2256 et
446 2220 717 2266 proprietatem

132 2266 242 2303 unius
284 2267 381 2314 legis
420 2268 560 2304 habere
598 2271 660 2312 84,
694 2272 714 2303 3

131 2314 208 2350 vim
246 2315 374 2362 legum
405 2327 538 2361 parum
571 2315 714 2362 perspi-

1314 119 1400 161 507

821 235 904 260 cere
932 227 988 269 75,
1014 227 1056 259 11
1101 236 1134 260 v.
1163 226 1315 260 coactae
1343 237 1402 261 ve-

820 271 946 307 ritatis
972 275 1053 315 234,
1074 276 1095 308 8
1139 271 1217 307 vim
1244 273 1403 308 eandem

819 319 958 355 habere
996 323 1084 362 301,
1116 323 1158 355 13
1216 319 1404 356 diversam

821 365 927 402 *vim
945 367 1032 404 hab.
1052 369 1134 411 235,
1149 371 1170 402 2
1196 367 1404 413 praemium

823 425 906 450 eam
931 414 1007 450 vim
1034 414 1185 457 habuit,
1211 416 1254 450 ut
1271 444 1278 451 .
1294 444 1302 452 .
1321 418 1403 461 220,

822 465 865 497 13
915 461 954 496 111
987 461 1102 497 aliam
1128 463 1204 497 vim
1230 462 1402 508 accipere

818 512 942 553 4s‚16

794 556 978 593 viscera
990 557 1156 592 lacerare
1172 561 1309 601 207,26
1335 569 1404 604 per

820 616 853 640 v.
875 604 1079 640 liberorum
1098 605 1237 640 ferrum
1253 606 1402 651 exigere

818 655 876 696 48,
898 657 918 687 3
970 652 1008 687 in
1034 665 1066 688 v.
1096 663 1162 688 sua
1187 663 1319 688 manus
1346 665 1402 688 ar-

817 711 921 735 mare
940 703 1075 744 260,15
1108 700 1312 736 visceribus
1327 701 1402 736 suis

818 747 957 783 ferrum
983 749 1193 793 inmergere
1215 769 1257 773 —
1282 748 1402 784 visce—

816 807 900 830 rum
950 797 1097 841 partem
1142 795 1275 831 avellis
1318 795 1403 840 (eri-

816 843 956 888 piendo
987 843 1081 887 filio)
1115 846 1195 887 335,
1217 846 1238 878 5
1287 855 1322 879 v.
1348 843 1403 878 rei

816 903 852 936 p.
891 890 1017 926 media
1047 894 1105 934 46,
1134 894 1178 926 18
1228 903 1261 925 v.
1299 890 1403 926 urbis

819 941 898 982 116,
919 942 963 973 22
999 938 1099 973 intra
1119 951 1151 973 v.
1172 939 1323 973 hostem
1343 949 1402 974 ac-

817 986 941 1030 cipere
961 989 1019 1029 46,
1040 989 1084 1020 27
1123 998 1155 1021 v.
1176 996 1296 1031 paene
1315 997 1401 1021 mea

817 1034 877 1078 (=
895 1033 1053 1068 intimae
1074 1033 1340 1078 cogitationes)
1360 1033 1399 1068 in

816 1082 1020 1126 conspectu
1046 1081 1133 1115 sunt
1158 1084 1238 1124 308,
1259 1084 1280 1115 2

791 1128 887 1164 vita
930 1128 1046 1163 habet
1094 1139 1179 1163 suos
1218 1127 1399 1164 terminos

815 1180 877 1212 etc.
906 1178 986 1218 318,
1007 1180 1028 1210 6
1048 1187 1100 1219 sq.
1157 1175 1313 1210 fortium
1345 1175 1400 1211 vi-

816 1235 941 1258 rorum
967 1234 1001 1257 v.
1028 1233 1105 1257 non
1130 1233 1312 1258 annorum
1334 1235 1401 1258 nu-

815 1281 921 1305 mero
942 1281 1011 1305 nec
1029 1270 1151 1315 spatio
1173 1269 1311 1305 aetatis
1325 1271 1400 1305 ter-

815 1317 992 1362 minatur,
1018 1316 1084 1352 sed
1107 1317 1219 1352 laude
1240 1318 1278 1353 et
1297 1317 1400 1353 fama

816 1366 855 1400 et
873 1366 1077 1411 perpetuae
1096 1364 1332 1410 posteritatis
1345 1365 1400 1400 in-

816 1413 1049 1448 mortalitate
1076 1416 1141 1456 37,
1175 1415 1216 1447 12
1234 1423 1312 1457 sqq.
1364 1425 1399 1448 v.

817 1471 991 1506 suprema
1020 1470 1096 1494 non
1128 1459 1295 1504 decedit,
1335 1460 1403 1496 sed

816 1507 956 1543 corruit
992 1511 1074 1551 203,
1101 1510 1145 1542 25
1196 1520 1229 1543 v.
1268 1507 1402 1553 punire

816 1556 919 1600 alqm
944 1559 1025 1599 317,
1046 1559 1090 1589 22
1142 1553 1242 1590 vitae
1269 1566 1313 1590 ac
1338 1566 1401 1590 ne-

816 1603 869 1638 cis
894 1603 1064 1648 potestas
1090 1606 1172 1645 217,
1192 1605 1238 1637 25

792 1650 961 1686 vitalia
986 1650 1104 1686 effusa
1123 1653 1236 1694 237,ss
1262 1663 1298 1686 v.
1314 1661 1400 1686 exu-

814 1709 895 1734 rere
922 1701 1003 1742 378,
1026 1701 1069 1732 15

790 1745 987 1781 vitiator
1012 1748 1094 1790 216,
1115 1748 1136 1780 8
1177 1758 1210 1780 v.
1229 1745 1399 1790 pupillae

816 1796 964 1838 149,27

788 1840 969 1877 vitium:
1014 1839 1120 1875 nulla
1158 1841 1268 1876 tanta
1307 1840 1401 1876 vitia

814 1890 912 1931 sunt,
937 1898 1034 1932 quae
1053 1898 1129 1923 non
1150 1888 1310 1924 meliora
1329 1888 1399 1923 mi-

813 1937 944 1970 rentur
968 1938 1050 1980 282,
1071 1938 1093 1969 4
1137 1936 1183 1979 cf.
1209 1935 1328 1971 virtus
1355 1957 1400 1961 —

812 1994 890 2018 non
920 1983 1007 2017 sunt
1038 1981 1206 2017 eiusdem
1233 1983 1399 2028 pectoris

812 2029 908 2066 vitia
933 2031 970 2065 et
994 2030 1154 2066 virtutes
1179 2034 1260 2076 419,
1281 2035 1302 2066 9

790 2077 912 2114 vitta
937 2080 1060 2123 35,10

789 2125 965 2162 vivere:
1009 2126 1082 2160 hoc
1118 2125 1198 2162 iure
1236 2125 1399 2162 vivimus

814 2175 1151 2218 *229,9;304‚17
1178 2173 1224 2218 σῇ
1245 2177 1394 2219 346,13

815 2225 860 2256 26
882 2232 953 2265 sq.;
981 2225 1062 2265 347,
1085 2224 1128 2256 19

790 2268 942 2305 vivum
967 2267 1079 2303 funus
1105 2272 1186 2313 200,
1207 2273 1254 2304 24

789 2327 957 2352 vocare
979 2317 1080 2361 alqm
1096 2317 1144 2352 ad
1157 2317 1247 2362 alqd
1261 2321 1318 2362 41,
1334 2321 1396 2361 313
