1604 2488
257 113 278 153 1
285 113 343 154 34
734 113 1032 156 QUINTILIANI

252 219 401 261 daret?
442 219 553 274 quod
591 220 628 261 si
665 220 769 262 haec
807 220 949 262 omnia
984 221 1030 262 in
1066 221 1256 263 confesso
1294 225 1410 277 sunt,
1451 236 1504 264 ne

253 278 530 331 magistratus
575 277 743 332 quidem
787 281 1032 320 erraverunt
1074 293 1122 320 eo
1172 281 1379 335 tempore,
1423 295 1506 336 quo

253 335 395 376 decem
433 335 550 376 milia
588 335 793 377 dederunt
829 336 944 378 mihi.
1007 335 1051 378 Si
1087 337 1315 380 intestatus
1350 340 1397 380 tu
1437 338 1504 380 de-

251 394 461 446 cessisses,
486 393 538 434 ad
565 394 669 435 alios
696 395 911 448 quoslibet
935 397 1009 436 tua
1036 395 1266 449 pertineret
1283 395 1508 438 hereditas.

207 462 227 491 5
254 451 315 491 vis
343 451 461 504 scire,
492 466 620 505 quam
645 455 768 505 pater
791 467 879 494 non
901 453 1062 493 fueris?
1078 468 1149 494 —:
1179 454 1362 508 recipere
1386 455 1508 496 illum

247 509 331 550 nisi
363 509 513 550 solutis
554 510 768 551 alimentis
799 525 885 552 non
921 511 1111 564 potuisti.
1178 511 1245 552 lex
1274 512 1354 553 tibi
1385 512 1505 554 dicit:

247 566 439 608 »alienus
477 569 542 608 est
578 570 620 609 et
651 568 749 621 tibi,
786 571 833 608 ut
863 570 984 622 pater
1016 582 1107 609 esse
1138 569 1331 623 incipias,
1363 583 1503 611 emen-

248 624 366 665 dus«.
409 624 495 666 iam
520 625 596 666 illa
625 626 817 680 profecto
849 627 956 668 citra
987 627 1363 680 interrogationem
1394 630 1502 680 sunt,

248 683 364 724 cuius
402 683 548 724 tulerit
584 698 756 737 nomen,
792 684 837 724 in
877 685 992 726 cuius
1015 698 1202 727 .censum
1239 684 1403 727 delatus
1437 686 1503 726 sit.

185 750 226 780 10
251 740 432 782 nimium
462 741 534 782 diu
566 741 616 782 de
647 756 692 782 re
723 742 919 783 iudicata.

333 797 562 853 Reliquum
592 802 673 853 est,
713 802 760 840 ut
789 799 1040 854 intueamur,
1071 803 1166 842 uter
1196 802 1393 842 nostrum'
1421 801 1502 843 hac

245 856 425 910 pecunia
455 856 625 911 dignior
656 872 746 898 esse
778 858 981 899 videatur.
1041 859 1118 910 [et]
1149 860 1198 900 ut
1227 858 1413 900 breviter
1443 858 1502 900 di—

246 929 356 955 cam:
386 917 435 955 tu
466 915 712 969 exposuisti,
742 929 820 970 ego
848 916 1012 958 sustuli.
1052 916 1151 969 scio,
1182 918 1227 957 te
1251 919 1501 970 coepturum

246 971 387 1025 altius,
418 974 465 1013 ut
495 972 622 1026 dicas,
650 973 841 1027 „genui“.
882 973 963 1015 hoc
994 975 1058 1014 est
1091 988 1219 1028 quare
1244 974 1326 1016 tibi
1351 974 1502 1016 debea-

179 1039 222 1070 15
247 1045 340 1071 mus
371 1031 514 1071 irasci:
546 1034 750 1084 quantum
782 1031 834 1072 ad
864 1033 907 1072 te
937 1031 1132 1084 pertinet,
1162 1045 1249 1073 non
1278 1031 1410 1073 habet
1433 1045 1501 1073 res

246 1088 416 1141 publica
446 1088 583 1129 virum
609 1088 781 1143 fortem3
815 1091 888 1130 aut
912 1089 1032 1130 illum
1057 1088 1172 1130 ferae
1196 1089 1502 1143 laceraverunt,

246 1148 318 1186 aut
356 1160 453 1187 aves
491 1146 772 1200 diripuerunt,
811 1148 884 1188 aut
921 1147 1074 1200 aliquis
1116 1145 1248 1200 (quod
1279 1147 1414 1189 multo
1447 1147 1504 1188 sit

245 1202 479 1257 indignius)
518 1204 689 1245 sustulit
725 1204 821 1245 leno
860 1206 933 1246 aut
969 1204 1136 1245 lanista.
1196 1218 1246 1245 ex
1284 1204 1389 1246 meis
1428 1204 1503 1246 ille

244 1261 461 1303 beneficiis
498 1263 623 1303 natus
662 1264 739 1303 est.
798 1261 1052 1303 Intuendum
1081 1261 1205 1303 nobis
1237 1261 1366 1303 etiam
1395 1262 1503 1304 illud

179 1329 222 1360 20
248 1319 472 1373 praecipue
499 1322 575 1370 est,
602 1333 709 1373 quae
734 1333 863 1361 causa
887 1319 1205 1361 constituendae
1236 1319 1343 1374 legis
1373 1319 1500 1362 huius

245 1377 384 1431 fuerit,
415 1379 488 1419 aut
517 1377 629 1419 unde
660 1380 804 1419 ortum
835 1378 903 1430 sit,
933 1379 982 1418 ut
1011 1391 1097 1419 non
1122 1379 1323 1419 contenta
1348 1377 1499 1419 civitas

244 1435 374 1476 fuerit
410 1435 647 1489 praemium
678 1435 763 1489 ipsi
793 1435 883 1476 viro
915 1435 1017 1477 forti
1047 1435 1229 1488 dedisse,
1265 1435 1340 1476 sed
1370 1435 1500 1477 etiam

244 1495 410 1546 patrem
442 1493 566 1534 huius
598 1493 894 1535 honorandum
925 1493 1147 1534 censuerit.
1191 1493 1341 1534 ideone
1370 1492 1502 1535 hono-

244 1553 385 1591 ratum
424 1554 623 1604 putamus
663 1553 847 1604 patrem,
890 1551 1002 1605 quod
1035 1550 1261 1605 genuerit?
1307 1565 1363 1592 an
1403 1550 1498 1593 ideo

175 1618 218 1649 25
244 1608 380 1662 magis
425 1609 613 1662 praemio
657 1608 832 1662 dignum
875 1609 1025 1650 civitas
1069 1608 1346 1663 existimavit,
1389 1609 1501 1663 quod

244 1666 476 1720 educasset,
507 1666 619 1720 quod
649 1666 847 1720 inpensas
878 1666 1076 1707 fecisset?
1131 1666 1195 1707 vis
1227 1666 1345 1720 scire,
1374 1680 1501 1720 quam

244 1724 324 1766 hoc
364 1738 509 1766 verum
551 1723 635 1765 sit?
668 1739 751 1764 —:
804 1723 982 1777 pecunia
1026 1723 1264 1765 honoravit.
1325 1723 1362 1764 si
1403 1723 1502 1778 quid

243 1782 417 1835 pietatis
450 1786 527 1835 est,
558 1781 670 1835 quod
698 1781 893 1835 inputare
924 1795 1001 1823 nos
1026 1781 1089 1822 rei
1112 1781 1308 1835 publicae
1332 1783 1501 1835 praeter

245 1840 451 1882 alimenta
481 1853 721 1906 possumus,
764 1839 872 1880 illud
911 1842 993 1880 est:
1037 1839 1127 1880 »sic
1162 1838 1352 1892 educavi,
1393 1839 1502 1880 talia

175 1909 219 1939 30
245 1898 452 1953 praecepi,
483 1898 544 1939 sic
568 1897 751 1939 formavi
775 1910 949 1939 mores.«
978 1911 1064 1938 non
1096 1899 1161 1938 est
1192 1897 1297 1956 satis
1327 1896 1410 1939 hoc
1439 1897 1502 1938 in-

341 2027 357 2056 1
386 2023 430 2057 in
456 2023 559 2058 conf
581 2026 610 2056 A
633 2025 645 2068 ΙΙ
669 2027 689 2057 3
717 2022 809 2057 mihi
834 2022 1012 2057 dederunt
1035 2024 1061 2055 B
1085 2023 1097 2066 ΙΙ
1121 2026 1143 2056 4
1168 2021 1376 2065 perveniret
1398 2022 1457 2065 1311
1481 2025 1501 2055 9

247 2069 430 2115 censu[m]
458 2069 527 2104 Βοὴ
543 2071 556 2114 ΙΙ
577 2074 617 2104 11
645 2070 687 2103 ut
711 2079 776 2103 om.
804 2072 834 2102 A
851 2070 863 2114 ΙΙ
884 2072 926 2103 12
953 2068 1023 2114 [et]
1049 2067 1199 2112 Ron15
1224 2068 1358 2102 habere
1381 2077 1501 2111 respu.

245 2118 272 2148 B
301 2116 313 2160 ΙΙ
347 2120 389 2150 17
416 2115 683 2160 diripuiverunt
706 2118 759 2148 Aa
787 2117 800 2159 ΙΙ
832 2118 874 2149 18
899 2114 968 2150 iste
993 2118 1045 2148 Aa.
1071 2115 1083 2159 ΙΙ
1109 2069 1151 2148 1¹9
1176 2113 1357 2148 veneficus
1381 2113 1502 2157 31122

244 2173 331 2197 vero
356 2165 386 2196 A
409 2163 422 2206 n
451 2166 496 2197 23
522 2163 740 2197 censuerunt
763 2164 789 2195 B
821 2162 832 2206 ΙΙ
862 2164 907 2196 24
931 2161 1030 2206 ideo]
1057 2170 1099 2195 eo
1123 2162 1149 2193 B
1179 2161 1192 2204 ΙΙ
1222 2163 1266 2194 26
1291 2170 1350 2203 qu.
1372 2158 1503 2211 inpen-

247 2210 364 2243 sasset
393 2208 448 2242 vis
474 2212 526 2242 Aa
556 2209 568 2252 11
597 2207 812 2253 inpensas
844 2210 873 2240 A
903 2208 915 2252 ῃ
945 2210 989 2241 28
1021 2206 1140 2251 pietas
1164 2209 1207 2248 Ἐς
1249 2204 1382 2250 pietati
1406 2205 1504 2241 inest

246 2254 303 2289 Ro
