1586 2476
219 107 277 150 20
698 108 999 151 QUINTILIANI

634 215 672 257 D
680 214 717 257 Ε
728 214 760 258 O
769 215 802 257 L
810 215 902 258 AM
910 215 986 257 AT
994 215 1015 259 Ι
1023 215 1075 260 0.

308 283 519 326 Adulterii
549 298 666 326 ream
698 285 852 327 defero.

306 341 431 395 Puto,
460 342 541 384 hoc
567 342 738 384 auribus
763 343 917 384 vestris
936 357 1025 385 non
1041 357 1199 385 novum
1218 344 1377 387 crimen
1397 348 1478 387 est:

221 399 335 454 quod
353 399 458 441 satis
479 403 554 454 est,
573 415 661 442 non
681 401 733 443 ab
752 401 833 443 hac
847 401 978 455 coepi.
1011 401 1189 450 Qualem
1203 415 1374 444 causam
1386 416 1479 457 per-

175 467 195 498 5
221 457 405 512 tulerim,
421 457 480 500 sic
495 458 721 500 aestimare
740 459 937 512 potestis:
957 459 1117 513 petitur
1134 460 1270 502 altera
1283 461 1479 503 abolitio:

219 515 292 556 ille
319 516 495 569 optavit,
525 516 630 558 haec
660 517 929 571 praescribit,
959 520 1109 559 neuter
1138 520 1282 572 negat.
1323 518 1480 560 Postea

220 573 382 627 videbo,
414 588 468 615 an
498 574 572 615 isti
597 577 794 628 oporteat
824 576 992 617 tantum
1021 576 1244 630 praestari,
1275 578 1480 631 quantum

220 631 312 673 viro
332 631 446 674 forti.
478 631 649 674 interim
671 634 834 675 semota
851 647 1133 687 personarum
1151 633 1317 679 ratione
1341 634 1480 690 ipsam

221 691 415 732 excutere
434 690 573 746 legem
591 690 702 732 volo.
732 690 775 733 N
782 705 804 731 0
824 691 1001 746 liceat,
1025 691 1178 748 inquit,
1203 705 1311 737 cum
1336 692 1481 734 adul-

154 758 196 788 10
221 749 332 789 tera
364 761 513 802 agere
550 748 754 802 marit0‚
789 748 891 791 nisi
927 749 1070 804 prius
1105 763 1212 792 cum
1250 749 1479 796 adultero

221 805 399 859 egerit.
430 805 603 859 Differo,
629 806 705 847 illa
731 820 839 860 quae
866 806 983 862 fecit3
1015 806 1174 861 differo,
1200 821 1306 862 quae
1330 823 1481 865 passus

221 877 332 904 sum:
351 862 433 904 hoc
451 863 497 904 in
515 864 757 917 praesentia
776 864 881 918 dico,
900 879 987 906 non
1006 865 1152 920 utique
1173 879 1338 920 semper
1358 867 1481 921 exigi,

219 923 268 962 ut
303 921 422 974 prius
462 924 615 975 agatur
653 936 747 963 cum
785 922 989 965 adultero.
1050 922 1095 963 id
1131 923 1270 978 vobis,
1309 924 1479 978 iudices,

219 978 424 1019 facillime
460 979 701 1032 persuaderi
736 979 914 1034 poterit,
958 980 995 1023 si
1037 994 1125 1024 non
1159 983 1250 1022 tam
1287 981 1483 1036 iniustos,

153 1047 194 1077 15
219 1050 355 1091 neque
390 1038 481 1078 tam
516 1036 794 1091 inprudentes
833 1038 1087 1079 existimatis
1132 1038 1278 1093 legum
1321 1039 1479 1082 latores

218 1093 362 1149 fuisse,
393 1096 442 1138 ut
464 1096 720 1139 necessitate
744 1096 1110 1151 praestringerent
1136 1110 1196 1150 ea,
1228 1111 1335 1151 quae
1359 1112 1478 1152 prae-

220 1152 327 1194 stari
366 1166 454 1195 non
492 1155 679 1207 possent.
741 1153 846 1196 satis
888 1154 978 1197 sine
1018 1154 1145 1197 dubio
1186 1155 1254 1199 lex
1292 1155 1388 1210 ipsa
1419 1156 1482 1197 di-

222 1210 372 1253 cendo:
419 1209 491 1253 Ne
522 1211 662 1265 prius
695 1226 802 1255 cum
835 1212 1068 1255 adultera
1099 1215 1303 1268 agatur,
1331 1227 1482 1267 quam

220 1282 328 1310 cum
359 1268 591 1311 adultero
623 1273 789 1312 actum
820 1270 998 1324 fuerit,
1029 1270 1231 1325 ostendit,
1261 1285 1307 1314 80
1337 1270 1388 1313 110
1412 1271 1480 1313 1118

154 1337 198 1367 20
224 1325 355 1380 loqui,
386 1340 566 1381 quorum
594 1330 773 1382 uterque
803 1329 993 1371 accusari
1022 1331 1176 1382 potest.
1228 1328 1481 1374 Admonebo

219 1386 365 1427 tamen
387 1399 473 1428 uno
499 1388 574 1428 aut
599 1385 735 1429 altero
761 1388 1027 1440 argumento,
1056 1389 1263 1441 quantum
1286 1387 1355 1431 lex
1378 1387 1484 1443 ipsa,

221 1442 259 1484 si
299 1442 363 1484 ita
407 1443 632 1498 accipitur,
675 1458 855 1498 passura
894 1445 1095 1487 iniuriam
1135 1445 1203 1488 sit.
1269 1445 1481 1497 fingamus

221 1499 345 1554 enim,
365 1500 607 1542 adulterum
626 1502 693 1542 vel
719 1517 794 1543 sua
820 1502 1039 1544 voluntate
1065 1503 1131 1543 vel
1155 1503 1276 1544 etiam
1300 1503 1483 1546 interve-

220 1557 362 1598 niente
402 1557 492 1599 fato
534 1559 683 1600 statim
723 1559 970 1603 decessisse:
1013 1560 1094 1601 hoc
1130 1560 1289 1602 iustum
1325 1562 1484 1615 poterit

151 1624 195 1656 25
220 1615 370 1670 videri,
414 1618 463 1657 ut
501 1616 702 1670 quoniam
742 1617 923 1659 alterum
961 1617 1102 1659 debito
1145 1618 1351 1673 supplicio
1391 1619 1483 1660 fata

222 1673 524 1728 subtraxerint,
555 1674 692 1717 altera
723 1689 890 1731 quoque
915 1674 1214 1730 impunitatem
1239 1677 1482 1721 mereatur?

219 1730 449 1788 fingamus,
491 1731 789 1787 a<du>lterum
825 1733 1084 1775 conscientia
1121 1733 1307 1778 criminis
1336 1733 1482 1790 profu-

222 1789 353 1845 gisse,
383 1790 501 1833 nullo
533 1790 660 1833 modo
691 1790 828 1835 facere
860 1791 927 1832 sui
955 1793 1230 1847 potestatem:
1277 1792 1483 1859 numquid

222 1847 415 1903 exigetis,
440 1850 489 1889 ut
513 1847 606 1890 11100
634 1862 729 1891 cum
755 1848 946 1891 adultera
971 1863 1059 1893 non
1084 1852 1249 1906 agatur,
1283 1864 1482 1905 quoniam

152 1914 196 1946 30
222 1905 389 1951 adulter
430 1906 589 1948 crimen
627 1921 775 1949 verum
819 1921 910 1949 esse
951 1907 1169 1951 confessus
1215 1907 1304 1951 sit?
1363 1908 1482 1951 nullo

221 1963 348 2005 modo
386 1963 429 2005 id
460 1964 620 2006 iustum
651 1964 785 2008 videri
815 1966 970 2021 potest.
1030 1981 1130 2010 nam
1160 1965 1215 2021 is,
1263 1966 1335 2021 qui
1365 1966 1483 2012 dicit:

223 2035 318 2063 cum
350 2022 542 2065 adultero
573 2023 691 2078 prius
726 2037 851 2079 agere
883 2023 1026 2076 debes,
1064 2024 1173 2067 illud
1204 2023 1323 2068 dicit:
1363 2024 1482 2081 prius

223 2093 318 2122 cum
357 2080 548 2122 adultero
588 2094 679 2136 age.
741 2081 953 2136 fingamus
986 2082 1115 2137 0111111,
1146 2081 1215 2124 vel
1247 2097 1272 2124 a
1302 2084 1344 2124 te
1375 2082 1480 2138 ipsa,

315 2162 361 2194 23
385 2159 438 2195 ita
462 2162 508 2204 Δ,
539 2170 629 2196 corr.
655 2160 713 2195 Ro
749 2162 761 2206 ΙΙ
798 2164 843 2196 24
873 2161 972 2198 facto
1003 2164 1055 2197 Aa
1085 2162 1098 2206 ΙΙ
1127 2163 1171 2196 25
1202 2161 1302 2199 facta
1325 2164 1354 2195 Δ
1390 2162 1401 2207 ΙΙ
1438 2165 1481 2197 27

221 2203 512 2252 *a<du>1terum
538 2207 550 2251 11
581 2210 624 2243 33
651 2206 762 2243 *011111
786 2207 972 2252 adultero,
997 2206 1157 2254 <deinde
1183 2219 1266 2243 cum
1289 2207 1483 2255 adultera>

217 2258 301 2298 age.
328 2252 507 2298 fingamus
532 2254 655 2290 autem
679 2257 742 2290 etc.
767 2253 816 2299 (ἓ)
