1560 2462
624 111 915 149 PRAEFATIO.
1310 104 1415 145 XXV

122 229 187 256 me
229 216 404 266 aliquam
441 215 604 265 mereri,
647 214 716 252 sed
754 225 964 263 superasse
1003 212 1124 251 etiam
1165 211 1416 261 aliquantum

125 281 318 321 Gronovii
348 284 390 320 et
415 279 607 319 Obrechti
640 279 833 318 editiones
867 273 989 332 (quae
1016 279 1122 316 certe
1147 277 1220 315 illa
1243 277 1416 314 maxime

123 347 294 398 vulgata
325 346 627 384 Burmanniana
657 345 832 394 potiores
865 337 992 396 sunt).

215 411 393 451 Adhibui
421 411 463 449 in
493 423 628 449 meum
654 423 771 449 usum
799 422 920 459 quam
945 407 1252 459 diligentissime
1278 419 1417 445 eorum

126 477 322 521 omnium,
374 477 444 526 qui
494 476 647 526 priores
692 487 854 526 operam
899 487 1012 513 suam
1059 473 1418 512 declamationibus

126 543 330 590 dederant,
361 544 490 592 notas,
521 541 734 591 praecipue
764 553 860 580 vero
891 540 937 579 E.
964 539 1109 578 Rohdii
1141 539 1302 576 adiutus
1329 551 1418 576 sum

127 607 478 648 observationibus
489 603 553 659 ³⁸),
590 619 688 656 quas
727 605 1006 645 liberalissime
1044 604 1143 642 mihi
1179 603 1420 654 permiserat

126 676 212 713 tam
241 674 486 723 frequentes,
510 674 557 710 ut
581 672 649 712 vix
674 672 798 710 ullam
823 670 1013 721 paginam
1038 669 1169 720 possis
1195 669 1417 719 perlegere,

129 739 240 778 cuius
271 751 352 778 non
381 739 493 776 locus
524 750 627 776 unus
659 740 731 776 aut
767 738 889 784 alter,
927 736 1140 786 corruptus
1182 735 1247 774 vel
1278 734 1416 782 despe-

127 806 242 843 ratus
287 805 424 855 antea,
467 803 680 842 restitutus
725 806 766 841 et
810 802 1046 851 explanatus
1089 800 1143 839 sit
1182 800 1292 838 illius
1340 799 1420 837 viri

129 869 362 908 felicissima.
403 871 443 907 et
486 868 639 907 illustri
682 867 971 906 emendatione.
1033 866 1095 904 Ne
1132 866 1218 915 ipse
1259 865 1419 915 quidem

129 934 228 973 mihi
269 934 408 974 videor
450 933 711 972 restituendis
749 933 882 972 verbis
925 944 1090 982 prorsus
1128 930 1303 969 defuisse
1347 942 1420 968 nec

129 999 243 1038 nulla
273 1011 423 1047 eorum,
455 1011 558 1048 quae
589 1011 752 1037 manum
784 997 1096 1036 emendatricem
1122 996 1422 1046 exspectabant,

129 1065 325 1115 pristinae
357 1064 524 1102 sanitati
555 1063 793 1102 restituisse.

221 1130 448 1168 Perfectum
475 1142 554 1168 non
580 1142 667 1167 esse
694 1141 794 1179 opus
821 1129 970 1179 optime
989 1129 1076 1178 ipse
1096 1128 1299 1177 intellego.
1344 1127 1421 1165 Ex-

131 1195 329 1234 cusationi
357 1197 495 1233 tamen
526 1195 579 1233 sit
610 1195 732 1233 etiam
763 1194 845 1242 illa,
872 1195 919 1232 de
946 1206 1026 1244 qua
1051 1193 1241 1241 disserui,
1269 1195 1423 1231 contro-

130 1260 354 1300 versiarum
386 1260 517 1298 forma
547 1273 627 1299 non
658 1260 927 1310 perfectarum
961 1272 1034 1298 nec
1065 1260 1181 1309 plene
1209 1258 1422 1308 explicata-

131 1339 235 1371 rum,
262 1326 332 1365 sed
357 1325 498 1376 primis
516 1327 674 1364 tantum
696 1324 810 1363 lineis
830 1325 1234 1374 circumscriptarum.
1279 1323 1424 1361 Aliena

133 1391 240 1429 enim
258 1391 414 1429 urbano
435 1393 476 1429 et
495 1389 723 1440 expolitiori
741 1390 916 1428 sermoni
934 1402 1022 1439 vox,
1049 1389 1181 1428 minus
1208 1389 1426 1438 diligenter

133 1458 330 1505 usurpata
359 1455 498 1504 dictio,
537 1455 736 1494 sententia
773 1467 854 1493 non
890 1456 1010 1504 plane
1048 1467 1118 1494 suo
1156 1455 1242 1494 loco
1279 1454 1425 1503 posita,

134 1533 238 1571 quae
268 1520 311 1558 in
342 1522 533 1559 exornato
566 1532 683 1570 opere
716 1520 939 1558 certissima
965 1521 1083 1570 signa
1108 1522 1245 1559 essent
1269 1519 1424 1558 turbati

136 1586 239 1636 stili,
269 1586 402 1625 nescio
435 1598 486 1624 an
517 1586 581 1624 hic
611 1586 776 1635 paulum
802 1585 1031 1625 offensionis
1056 1586 1256 1636 habeant3
1287 1588 1424 1623 tamen

135 1663 342 1702 quousque
367 1651 569 1701 pertinere
595 1651 724 1701 possit
748 1651 1011 1702 neglegentia
1048 1651 1260 1699 sermonis,
1291 1650 1351 1689 ita
1381 1654 1427 1688 ut

135 1728 215 1756 non
257 1717 416 1755 desinat
453 1716 612 1755 omnino
657 1728 743 1755 esse
781 1716 968 1764 Latinus,
1012 1715 1126 1755 brevi
1162 1716 1339 1754 incuriae
1384 1717 1426 1754 et

135 1781 312 1832 ineptiae
345 1781 532 1830 confinio,
572 1782 620 1820 de
659 1794 706 1820 ea
737 1794 799 1830 re,
830 1783 947 1832 puto,
989 1781 1062 1820 viri
1103 1780 1211 1820 docti
1248 1781 1428 1831 aliquan-

135 1850 224 1886 tum
272 1846 379 1886 inter
428 1860 470 1886 se
521 1846 770 1886 dissentient.
841 1846 1009 1896 Saepius
1062 1846 1185 1885 etiam
1234 1846 1277 1884 in
1329 1846 1429 1884 sale—

135 1914 257 1952 broso
288 1913 359 1952 illo
386 1913 479 1952 stilo
505 1913 639 1962 potest
671 1913 712 1951 in
743 1911 1058 1952 controversiam
1084 1911 1232 1959 vocari,
1264 1924 1316 1949 an
1341 1923 1429 1950 sen-

137 1979 268 2018 tentia
298 1978 434 2029 aliqua
465 1978 593 2016 artius
625 1977 838 2016 cohaereat
868 1990 958 2016 cum
992 1977 1143 2027 priore,
1181 1989 1232 2015 an
1263 1989 1429 2027 sequen-

138 2046 222 2084 tem
258 2044 423 2094 propius
456 2043 678 2094 contingat,
715 2055 765 2080 an
802 2043 1008 2093 proprium
1046 2041 1199 2092 aliquid
1228 2041 1329 2080 velit
1367 2054 1429 2079 ex-

139 2121 304 2160 ponere3
342 2122 416 2147 nec
457 2108 591 2147 minus
629 2111 765 2147 utrum
803 2108 1053 2158 praeceptori
1090 2119 1163 2156 per
1205 2120 1430 2147 sermonem

237 2217 273 2262 *)
299 2215 438 2252 Rohdii
475 2215 709 2251 coniecturae
743 2215 810 2250 ubi
841 2215 1101 2260 congruebant
1132 2224 1218 2249 eum
1249 2214 1303 2250 eis
1335 2225 1430 2259 quae

143 2263 225 2310 ipse
257 2275 342 2300 mea
368 2266 500 2308 sponte
531 2264 571 2298 in
604 2263 893 2299 commentarios
921 2273 1024 2297 meos
1051 2261 1270 2306 retuleram,
1303 2262 1342 2297 in
1367 2273 1431 2306 ap-

143 2313 279 2357 paratu
304 2310 436 2347 critico
461 2322 536 2347 non
567 2311 644 2355 Ro,
677 2311 741 2346 sed
766 2310 824 2346 Ro
850 2314 882 2346 et
906 2310 960 2345 Ri
991 2309 1159 2356 apposui.
