1560 2462
655 123 716 159 PR
723 122 944 160 AEFATIO.
1392 124 1443 160 IX

156 225 222 264 vel
247 224 544 275 argumentatio
571 223 775 262 subtiliter
800 223 919 262 ducta
938 223 1004 263 vel
1023 223 1151 263 finitio
1173 223 1446 274 significanter

157 290 375 329 constituta
405 289 658 340 designatur,
696 289 1124 338 comprehendentibus
1162 289 1340 328 breviter
1378 303 1441 329 ar-

157 356 393 406 gumentum
423 354 483 393 rei
512 354 579 393 vel
610 354 795 404 apposita
824 356 944 393 notae
975 367 1090 402 voce,
1124 355 1190 394 vel
1224 364 1287 406 Ν,
1328 362 1356 409 q
1395 355 1443 393 li-

157 423 335 459 terarum
365 419 607 469 compendiis
638 419 753 469 quasi
784 419 911 470 digito
944 432 1031 458 eam
1058 420 1445 470 demonstrantibus3

157 485 310 525 alterae
346 485 461 534 illae,
506 497 608 534 quae
645 484 833 523 videntur
869 497 893 523 a
929 486 1192 535 grammatico
1230 486 1446 536 profectae,

157 552 346 601 repetunt
381 550 606 601 singulares
638 550 792 600 aliquas
829 562 963 599 voces,
997 551 1196 601 scriptura
1229 551 1293 590 vel
1325 551 1444 590 decli-

156 617 319 655 natione
356 616 422 655 vel
459 615 746 666 significatione
783 616 1064 655 memorabiles
1096 611 1254 669 (plenas
1285 617 1444 667 partim,

157 682 307 732 partim
331 682 478 720 omisso
504 681 547 719 in
572 693 650 731 quo
674 681 776 719 nihil
801 682 994 720 momenti
1019 684 1082 720 est
1102 679 1249 736 exitu),
1276 682 1445 732 denique

158 747 209 786 ad
246 746 549 796 dispositionem
587 745 791 796 pertinent
826 746 915 784 illa:
958 748 1155 798 narratio,
1193 749 1446 799 argumenta,

159 811 318 850 similia.

249 877 357 923 Quas
389 880 505 916 notas
539 889 674 916 omnes
706 877 839 927 recepi
863 877 905 915 in
932 880 1170 927 apparatum
1197 878 1379 917 criticum
1406 880 1447 917 et

159 943 332 982 diductis
363 942 493 981 literis
526 942 701 981 distinxi.

248 1005 409 1046 Contuli
428 1007 576 1045 librum
596 1019 699 1046 anno
722 1007 848 1057 1880,
868 1021 1003 1047 mense
1024 1010 1253 1059 septembri.
1300 1009 1446 1048 Postea

158 1085 248 1112 cum
286 1073 498 1112 adornanti
534 1072 633 1110 mihi
671 1072 886 1111 editionem
927 1075 1123 1113 nonnulla
1159 1087 1303 1124 parum
1338 1077 1448 1114 certa

159 1140 294 1177 essent
334 1139 438 1187 visa,
482 1138 532 1177 de
570 1138 626 1177 eis
664 1139 761 1178 locis
802 1139 965 1179 edoctus
1004 1153 1076 1190 per
1117 1140 1256 1179 literas
1297 1153 1385 1178 sum
1423 1153 1447 1179 a

157 1204 245 1244 viro
271 1202 501 1242 doctissimo
534 1206 575 1242 et
605 1204 893 1243 humanissimo
918 1204 966 1243 A.
993 1205 1186 1254 Bonneto,
1219 1205 1446 1255 professore

157 1269 522 1319 Montepessulano.

249 1334 284 1373 B
311 1351 367 1366 ==
394 1335 718 1387 Monacensis,
744 1336 848 1376 MSc.
875 1336 946 1375 lat.
973 1337 1071 1385 309,
1097 1336 1342 1383 chartaceus,
1370 1335 1449 1374 for-

159 1412 250 1439 mae
275 1399 508 1450 quadratae,
534 1412 637 1439 anno
660 1401 775 1439 1494
804 1402 868 1440 vel
887 1401 1007 1450 paulo
1028 1403 1133 1451 ante,
1158 1404 1204 1440 ut
1225 1396 1447 1454 videtur*),

160 1465 331 1514 scriptus
357 1476 479 1503 manu
504 1465 682 1515 eleganti
708 1477 753 1503 ac
780 1465 957 1505 dilucida
989 1469 1029 1505 et
1061 1466 1209 1516 optime
1241 1479 1448 1506 conserva-

158 1533 237 1570 tus.
299 1530 446 1580 Incipit
487 1530 620 1569 media
659 1530 818 1568 demum
863 1532 904 1570 in
945 1531 1042 1570 decl.
1083 1533 1167 1570 252
1210 1532 1272 1571 his
1314 1532 1449 1571 verbis

158 1595 444 1663 uexcutiamus.
476 1594 687 1634 submisit“
721 1590 778 1646 (p.
806 1597 874 1645 32,
903 1593 997 1650 17);
1030 1609 1246 1645 summam,
1283 1609 1447 1647 prorsus

161 1661 208 1698 ut
243 1660 300 1709 A,
342 1659 466 1698 habet
503 1659 836 1700 declamationem
876 1663 980 1712 388,
1026 1663 1138 1701 cuius
1174 1665 1269 1713 post
1305 1662 1450 1701 ultima

158 1725 282 1765 verba
312 1725 506 1776 leguntur
537 1725 609 1763 illa
641 1721 728 1777 (fol.
753 1727 833 1766 147
861 1724 990 1780 recto)
1029 1727 1256 1778 „Incipiunt
1288 1740 1335 1766 ex
1362 1726 1449 1766 Cal-

157 1791 303 1842 purnio
333 1790 455 1829 flacco
488 1793 683 1841 excerpts.
729 1790 933 1842 Excerpta
958 1792 1106 1831 Decem
1132 1792 1354 1831 Rhetorum
1379 1792 1451 1830 mi-

158 1868 313 1895 norum.
375 1855 486 1894 Uxor
527 1854 818 1906 tyrannicida“.
881 1858 936 1896 Et
980 1859 1205 1908 sequuntur
1248 1858 1449 1908 continuo,

161 1921 308 1960 omisso
340 1921 501 1972 Seneca,
534 1919 743 1971 Calpurnii
775 1921 1086 1962 declamationes
1118 1925 1339 1974 excerptae,
1371 1936 1451 1961 non

159 1987 254 2026 illae
286 1987 404 2026 modo
435 1987 600 2037 priores,
633 1999 735 2037 quae
766 1987 808 2025 in
839 1988 943 2027 libro
969 1989 1007 2026 A
1035 1989 1184 2040 insunt,
1218 1988 1287 2027 sed
1313 2001 1449 2027 omnes

163 2053 230 2092 51.
267 2052 316 2090 In
346 2051 424 2090 fine
456 2051 697 2101 subscriptio
730 2046 816 2104 (fol.
852 2054 936 2092 160
968 2066 1069 2093 vers.
1095 2054 1136 2091 in
1168 2050 1317 2106 medio)
1345 2054 1448 2105 „Ex-

162 2118 301 2169 plicite
332 2130 381 2156 ex
411 2117 631 2167 Calpurnio
663 2118 806 2158 Flacco
839 2116 1058 2170 excerpte“.

252 2182 383 2222 Notae
408 2183 451 2221 in
476 2183 608 2222 codice
632 2195 713 2223 nou
740 2186 835 2222 sunt
858 2183 935 2222 nisi
964 2197 1041 2222 una
1069 2185 1124 2235 (pp.
1152 2185 1250 2234 303,
1275 2186 1340 2223 18.
1364 2180 1452 2236 19),

260 2319 296 2364 *)
323 2319 369 2355 ef.
394 2331 430 2364 p.
456 2319 525 2355 xv
538 2319 605 2365 **).
