1604 2488
182 758 225 788 10

182 1048 224 1079 15

181 1339 225 1370 20

183 1629 227 1660 25

251 117 336 160 260
717 118 1029 161 ,QUINTILIANI

248 226 414 279 pietas?
469 226 667 269 fratrem.
685 225 876 267 occisuro
915 241 999 268 non
1031 228 1236 270 succurrit
1273 228 1509 270 communis

250 284 427 325 uterus?
470 298 557 325 non
590 283 734 326 eadem
766 298 893 325 causa
923 284 1079 326 vitae?
1102 299 1188 327 non
1216 300 1301 327 una
1331 287 1511 339 primor-

250 341 348 382 dia?
403 355 488 383 non
518 342 594 383 illa
627 340 921 394 [consuetudo]
930 375 941 397 ,
972 357 1079 397 quae
1110 343 1272 386 alienos
1303 344 1433 386 etiam
1464 358 1512 386 ac

251 400 368 441 nulla
404 400 717 442 necessitudine
754 401 866 441 inter
902 415 947 442 se
984 401 1228 443 coniunctos
1260 415 1511 456 componere

253 460 297 499 et
341 458 578 513 astringere
622 458 858 499 adfectibus
896 461 1057 512 potest,
1098 460 1356 502 consuetudo
1393 463 1512 501 actae

252 516 413 569 pariter
443 515 665 570 infantiae,
702 516 911 570 pueritiae
943 516 1095 570 studia,
1124 517 1255 572 lusus,
1285 518 1513 571 trist[it]ia,

252 573 364 615 ioci?
413 575 605 616 membra
640 575 808 616 hercule
846 574 959 616 inter
997 589 1041 616 se
1073 574 1197 616 citius
1228 576 1512 630 pugnaverint

253 634 296 673 et
327 632 363 673 si
396 647 480 686 qua
510 633 556 673 in
586 633 710 674 nobis
741 634 896 674 natura
928 633 1162 687 geminavit
1185 632 1371 676 diversos
1397 648 1513 688 cepe-

251 690 340 731 rint
371 690 575 732 adfectus.
614 705 714 732 nam
739 690 840 744 quid
866 694 931 732 est
956 690 1072 732 aliud
1095 690 1355 746 fraternitas,
1385 706 1513 746 quam

253 747 412 789 divisus
453 749 628 802 spiritus
662 751 719 801 et,
759 763 868 802 quae
900 749 955 790 ad
984 749 1164 790 tuendos
1195 763 1273 790 nos
1306 764 1331 790 a
1359 753 1514 791 natura

253 820 454 848 concessa
474 809 584 861 sunt,
607 806 922 860 multiplicata?
943 821 991 848 eo
1012 807 1183 861 quidem
1202 806 1382 861 felicius,
1401 807 1512 861 quod

250 864 428 906 diversis
469 865 598 906 etiam
643 879 689 907 ac
730 865 988 906 distantibus
1033 865 1138 906 locis
1183 879 1274 906 esse
1317 865 1428 906 idem
1466 880 1514 907 ae

249 923 374 976 plura
423 923 550 964 simul
601 923 719 964 obire
761 937 999 976 possumus.
1070 922 1169 964 huic
1211 923 1515 965 necessitudini

251 981 323 1034 qui
354 980 454 1022 dare
485 995 695 1022 venenum
722 983 877 1034 potest,
907 995 994 1022 non
1020 981 1163 1022 oculos
1190 981 1360 1022 effodiet
1385 981 1513 1023 suos?

250 1052 337 1079 non
367 1053 518 1080 manus
549 1039 593 1080 in
623 1039 784 1080 viscera
810 1053 886 1079 sua
912 1038 1124 1079 armabit?
1156 1038 1286 1080 habet
1311 1052 1412 1093 ergo
1431 1038 1512 1080 hoc

249 1097 436 1150 primum
491 1096 563 1151 (ut
618 1097 864 1150 parcissime
914 1096 1121 1150 dixerim)
1174 1096 1510 1138 admirationem.

250 1168 387 1208 neque
425 1168 503 1209 ego
540 1155 709 1208 ignoro,
746 1154 922 1207 iudices,
960 1156 1118 1208 quanto
1158 1168 1224 1195 me
1261 1169 1386 1196 onere
1423 1169 1514 1208 pre-

251 1227 380 1254 mam.
439 1213 530 1266 ipse
562 1213 785 1266 confiteor,
821 1212 950 1253 nullis
982 1211 1223 1266 suppliciis,
1259 1212 1385 1254 nullis
1416 1227 1513 1266 poe-

251 1271 330 1324 nis,
360 1271 482 1312 nulla
513 1285 579 1312 me
611 1271 801 1312 omnium
831 1270 1052 1311 hominum
1082 1270 1147 1311 ira
1171 1283 1296 1323 posse
1327 1284 1515 1324 pensare,

253 1329 289 1371 si
319 1329 413 1371 feci.

339 1386 447 1428 Vult
483 1387 706 1429 detrahere
742 1387 1008 1428 fraternitati
1051 1386 1367 1428 auctoritatem:
1409 1386 1514 1440 „dis-

253 1445 418 1499 cordes,
460 1446 617 1500 inquit,
660 1444 838 1487 fuistis“.
912 1444 1099 1487 nondum
1141 1444 1352 1486 rationem
1388 1443 1514 1486 huius

253 1504 440 1545 criminis
477 1503 624 1545 reddo:
668 1503 774 1545 illud
810 1503 981 1544 interim
1018 1505 1171 1555 testor,
1206 1502 1319 1544 hunc
1353 1502 1515 1544 bonum

255 1562 438 1603 amicum
468 1562 639 1616 utrique
670 1561 932 1603 maledicere.
991 1575 1101 1603 nunc
1131 1560 1255 1614 mihi,
1290 1560 1440 1615 frater,
1471 1561 1515 1602 in

254 1633 516 1674 quacumque
553 1622 674 1673 parte
711 1622 889 1661 naturae
921 1634 983 1672 es,
1020 1619 1183 1674 agenda
1214 1633 1339 1660 causa
1369 1621 1412 1660 et
1441 1621 1516 1660 tua

256 1679 333 1720 est.
376 1678 549 1732 Aliquid
584 1692 634 1718 ex
667 1692 831 1718 summa
861 1677 1143 1718 fraternitatis
1168 1676 1307 1731 gratia
1333 1676 1516 1718 defuisse

254 1736 393 1777 visum
425 1739 490 1777 est
522 1735 761 1790 aliquando,
792 1735 892 1776 dum
923 1734 1104 1776 forsitan
1132 1737 1309 1788 uterque
1335 1734 1511 1775 alterius

255 1794 444 1836 animum
476 1794 615 1849 magis
648 1794 779 1848 exigit
802 1793 956 1834 fiducia
982 1793 1057 1834 sui.
1100 1792 1206 1833 bene
1231 1791 1402 1834 hercule
1427 1791 1512 1834 for-

254 1855 376 1906 tuna,
414 1852 526 1907 quod
564 1855 739 1906 uterque
777 1854 878 1893 tunc
915 1851 1159 1904 incolumis,
1199 1850 1310 1904 quod
1340 1854 1514 1905 penates

359 1993 379 2024 3
420 1989 677 2035 [consuetudo]
717 1989 771 2024 Gr
812 1990 824 2033 ΙΙ
866 1992 888 2023 4
923 1988 1019 2023 inter
1056 1999 1092 2022 se
1130 1998 1194 2022 om.
1231 1989 1258 2020 B
1301 1988 1312 2032 ΙΙ
1354 1990 1374 2021 6
1411 1986 1517 2021 ludus

255 2039 305 2070 Bb
335 2038 347 2082 ΙΙ
377 2036 566 2082 trist[it]ia
596 2036 655 2071 Ro
684 2037 696 2080 ΙΙ
730 2040 750 2070 8
776 2034 997 2080 germinavit
1020 2038 1045 2067 P
1075 2035 1086 2079 ΙΙ
1118 2038 1137 2069 9
1166 2038 1206 2068 Ν
1234 2036 1264 2066 Δ
1293 2034 1304 2078 Η
1337 2037 1379 2068 10
1403 2043 1426 2067 a
1450 2043 1516 2067 om.

255 2086 286 2116 Δ
315 2083 401 2127 1112
433 2082 690 2118 assistantibus
724 2085 770 2125 A,
808 2080 1063 2116 assistentibus
1088 2083 1132 2122 B,
1171 2091 1260 2116 corr.
1285 2080 1348 2114 Bu
1377 2080 1388 2123 ΙΙ
1419 2079 1516 2114 idem

256 2131 416 2174 A131113
444 2128 587 2164 obicere
614 2133 666 2162 Aa
697 2129 708 2172 Η
740 2132 782 2163 15
810 2128 968 2162 armavit
991 2130 1131 2160 ΔΖΒ-Ρ
1149 2128 1160 2172 ΙΙ
1181 2131 1223 2162 17
1248 2128 1385 2171 quanto
1410 2125 1448 2160 in
1474 2137 1515 2160 eo

256 2187 315 2211 me
340 2187 385 2211 ne
411 2177 608 2220 reprimam
632 2178 659 2209 Β
690 2177 703 2220 ΙΙ
735 2179 777 2211 18
802 2175 913 2209 nullis
938 2174 1065 2219 poenis
1089 2184 1155 2209 om.
1181 2176 1234 2207 Aa
1261 2174 1274 2217 ΙΙ
1307 2175 1349 2207 19
1374 2172 1516 2207 nullam

257 2222 505 2258 communium
531 2226 557 2256 B
587 2224 600 2268 ΙΙ
629 2223 722 2257 iram
748 2233 827 2257 esse
852 2224 878 2254 B
904 2222 916 2265 ss
940 2220 1088 2266 pensari
1112 2222 1195 2264 AB,
1221 2230 1309 2255 corr.
1339 2218 1412 2254 Obr
1435 2220 1447 2263 11
1471 2223 1514 2254 21

256 2269 320 2306 vul
343 2272 408 2303 AB
