1578 2470
386 91 811 128 DECLAMATIONES.
837 90 1156 128 CCCLXXXVIII.
1332 90 1418 134 437

138 201 356 257 surgentis
386 202 503 254 [ante
530 202 680 256 quam]
708 199 807 243 freti
830 199 964 242 facies
991 202 1091 242 ante
1117 201 1265 254 terret,
1291 213 1421 255 quam

138 261 308 315 decipit.
387 260 555 303 utinam
604 259 776 315 quidem
825 258 1037 302 eiusmodi
1084 259 1421 314 tempestatibus

137 319 372 375 productus
398 333 527 375 esses,
557 319 684 375 puer!
714 321 764 361 tu
789 318 936 373 potius
955 320 1141 360 matrem
1160 318 1422 374 reliquisses.

137 378 335 434 Denique
375 393 460 434 quo
497 381 691 433 tempore
724 377 1003 420 submersus?
1066 377 1168 420 dum
1201 377 1422 433 adplicant

135 438 316 494 piratae,
342 453 397 480 an
418 437 547 480 ante?
578 437 759 480 necdum
786 437 902 479 scis?
936 439 1028 480 tam
1055 451 1205 479 secura
1231 436 1306 479 es?
1338 437 1421 480 hoc
1446 447 1468 479 5

136 497 268 540 matri
298 511 386 539 non
418 497 556 539 credo.
589 511 664 539 cur
695 496 811 538 enim
836 510 963 538 nemo
990 511 1042 539 ex
1066 495 1336 553 paedagogis
1361 496 1424 539 vi-

137 555 232 598 dit?
295 557 332 598 si
370 556 495 611 vidit,
539 570 614 598 0111
650 555 871 598 laboranti
908 556 1119 598 auxilium
1156 570 1246 598 non
1285 554 1422 598 tulit?

138 615 240 658 dum
284 615 535 671 adplicant?
602 628 776 657 necesse
820 617 888 657 est
931 615 1080 671 utique
1125 617 1228 657 tunc
1266 614 1422 657 fluctus

136 675 342 718 vitaverit
381 677 426 717 et
462 675 555 730 ipse
594 688 762 730 quoque
799 674 964 729 piratas
995 674 1170 729 fugerit.
1233 688 1289 716 an
1319 687 1422 716 vero

137 733 289 777 eodem
325 736 521 789 tempore
559 736 602 776 et
637 733 782 789 pirata
819 733 1010 789 adplicat
1042 735 1084 776 et
1114 733 1272 776 fluctus
1302 747 1424 788 prae-
1451 742 1495 774 10

137 792 296 836 datur?
357 806 464 849 rogo
502 807 600 836 vos:
643 792 717 848 qui
758 795 859 835 ante
898 792 1132 835 adventum
1168 794 1290 834 tutus
1327 792 1425 848 fuit,

138 852 326 896 adventu
356 851 524 907 piratae
556 851 698 906 perit?
728 866 829 907 „cur
855 865 971 908 ergo,
1002 852 1155 907 inquit,
1185 865 1312 894 nemo
1340 852 1425 894 cla-

136 913 329 955 mantem
355 910 554 953 audiit?“
583 911 775 966 primum
800 910 968 953 vicinus
994 910 1207 953 undarum
1233 911 1424 953 saevien-

138 970 247 1012 tium
290 970 440 1026 fragor
479 969 747 1012 audientium
779 970 954 1012 auribus
985 970 1200 1013 minorem
1232 969 1424 1012 exclude·

136 1029 214 1072 bat
255 1043 428 1085 sonum3
478 1029 629 1071 deinde
670 1029 717 1071 in
756 1031 882 1072 tanto
926 1029 1118 1071 tumultu
1160 1029 1424 1085 fugientium
1451 1038 1494 1070 15

134 1088 294 1144 perisse
326 1102 476 1131 vocem
507 1103 596 1131 non
628 1088 786 1130 mirum
818 1090 895 1130 est.
955 1088 1059 1143 quid
1090 1088 1154 1131 ita
1184 1102 1274 1131 non
1306 1088 1425 1131 audi-

136 1150 210 1190 tus
249 1147 345 1189 est?
405 1162 478 1203 ne,
517 1161 698 1203 quaeso,
735 1147 903 1190 infelici
939 1161 1072 1202 puero
1111 1147 1326 1190 vilitatem
1359 1147 1427 1190 sui

137 1206 439 1262 imputaveris‚
471 1206 585 1261 quod
616 1206 813 1261 relictus,
847 1206 961 1261 quod
993 1206 1189 1248 desertus
1223 1208 1300 1248 est.
1350 1221 1425 1248 cur

137 1279 228 1308 non
252 1264 442 1307 audisti?
474 1265 649 1320 longius
674 1265 862 1320 fugeras.
899 1263 1008 1319 „Sed
1027 1267 1127 1320 post
1146 1279 1308 1320 paucos
1335 1265 1425 1307 dies

138 1337 294 1379 corpus
326 1324 553 1380 expulsum
586 1323 689 1366 est.“
727 1323 839 1374 Quid
863 1324 1034 1379 mirum,
1059 1324 1134 1366 ubi
1158 1324 1328 1379 piratae
1353 1339 1425 1367 va·
1450 1334 1495 1366 ‘20

139 1381 327 1438 gantur?
354 1383 456 1438 quid
475 1385 523 1425 tu
542 1397 686 1439 porro,
706 1383 868 1438 inpune
895 1383 1117 1438 sempe<r>
1138 1383 1278 1426 maria
1296 1384 1424 1426 traici

138 1441 297 1497 putas?
345 1456 434 1484 non
473 1442 616 1484 minus
653 1457 832 1498 possum
871 1441 1011 1484 dicere
1053 1443 1240 1485 alienum
1277 1442 1426 1497 fuisse,

139 1515 272 1557 quam
301 1502 427 1543 tuum
460 1501 618 1543 filium:
651 1501 780 1558 signa
811 1501 990 1544 confusa
1023 1505 1136 1544 sunt.
1176 1502 1310 1544 immo
1337 1516 1424 1544 018-

140 1559 316 1603 dibilius
349 1562 434 1615 est,
471 1560 676 1617 naufragi
713 1559 847 1603 fuisse
878 1559 1003 1617 (litus
1036 1561 1151 1603 enim
1184 1575 1426 1616 amoenum,

138 1634 228 1662 non
257 1619 440 1662 infestos
474 1620 676 1675 scopulos
707 1618 881 1676 habet),
918 1620 1069 1676 utique
1100 1623 1233 1676 »post
1263 1634 1424 1675 paucos
1449 1629 1494 1661 25

139 1678 266 1720 dies«
317 1693 415 1721 cum
461 1678 581 1721 dicas
626 1679 931 1734 »expulsum«
975 1679 1100 1722 illum
1145 1694 1246 1722 vero
1291 1680 1424 1735 longo

138 1740 333 1793 tempore
365 1752 454 1781 non
485 1738 734 1793 expulsum,
776 1739 851 1780 sed
883 1738 1146 1781 advolutum.
1209 1739 1424 1794 quomodo

141 1799 287 1839 autem
330 1797 476 1852 potuit
521 1797 700 1840 confusa
737 1797 846 1840 facie
893 1798 1102 1854 agnosci?
1165 1800 1333 1853 „aetas‚
1363 1798 1426 1839 in-

141 1856 248 1911 quit,
281 1856 614 1899 conveniebat“:
646 1856 729 1899 hoc
754 1857 869 1898 inter
895 1859 1153 1912 argumenta
1179 1871 1274 1899 mea
1300 1857 1425 1898 1111111-

241 1999 259 2029 1
288 1997 375 2030 ante
403 1996 478 2040 qua
502 1996 614 2031 fracti
639 1995 755 2031 facies
781 1998 866 2039 AB,
893 2006 985 2032 corr.
1011 1997 1087 2031 Aer
1117 1998 1129 2042 11
1159 1995 1269 2031 territ
1293 1999 1395 2030 13-1·
1414 1998 1426 2043 11

139 2047 160 2079 2
188 2042 336 2087 decepit
360 2045 387 2075 Β
419 2044 432 2087 11
463 2046 484 2076 3
510 2044 657 2088 patrem
684 2046 750 2077 AB
783 2043 795 2088 11
825 2043 1068 2088 relinquisses
1093 2046 1125 2078 A
1148 2044 1160 2088 11
1185 2047 1207 2078 4
1233 2043 1351 2078 subm.
1378 2055 1426 2079 an

140 2091 228 2126 dum
253 2092 280 2123 B
300 2089 312 2134 11
331 2090 481 2135 ap‘ffA
499 2090 512 2134 ΙΙ
533 2093 575 2125 12
602 2090 715 2135 periit
739 2091 818 2126 edd.
850 2092 862 2136 11
895 2094 938 2125 13
966 2090 1072 2126 audit
1095 2095 1121 2125 1³
1149 2093 1161 2136 11
1191 2095 1234 2127 16
1259 2092 1425 2136 praeter—

138 2138 213 2172 isse
239 2139 327 2182 AB,
351 2147 442 2173 corr.
468 2136 526 2172 Ro
550 2138 563 2182 11
590 2141 729 2174 17-18
755 2150 862 2173 suum
887 2138 1079 2183 putaverit
1102 2141 1188 2183 AB,
1219 2139 1275 2174 sui
1305 2138 1426 2184 impu-

138 2183 278 2220 taverit
301 2184 388 2227 Aer,
414 2194 508 2220 corr.
534 2185 637 2230 Schfl
656 2188 700 2220 21
727 2196 838 2230 saepe
864 2187 944 2230 AB,
970 2196 1062 2222 corr.
1076 2185 1148 2222 Sch
1165 2187 1178 2231 11
1196 2186 1334 2221 traici
1358 2189 1388 2219 A
1414 2186 1427 2231 11

140 2235 188 2266 24
211 2231 352 2276 fugisse
377 2234 403 2265 B
424 2232 436 2277 11
455 2235 500 2267 26
525 2231 621 2267 1111111
645 2235 672 2266 Β
693 2232 704 2277 11
722 2232 833 2278 longe
858 2235 888 2266 A
908 2233 919 2278 11
940 2236 984 2268 29
1010 2235 1271 2278 argumentum
1293 2236 1320 2266 Β
1340 2234 1352 2277 11
1371 2232 1426 2267 111-

137 2279 272 2314 mirum
297 2281 324 2312 P
