1598 2450
617 509 1026 558 PRAEFATIO,

266 669 474 719 Reliquiae
513 668 662 718 operis,
697 669 743 706 ut
776 666 842 705 vel
874 678 922 704 ex
951 665 1082 704 titulis
1116 664 1366 714 singularum
1398 663 1463 701 de-

176 735 463 774 clamationum
505 734 601 772 licet
642 733 896 782 intellegere,
941 731 1145 780 aliquanto
1183 729 1347 767 maioris
1386 728 1462 766 hae

175 800 445 850 proferuntur.
495 799 555 837 Ex
588 800 672 837 388
706 798 812 836 enim
843 809 945 846 quae
977 796 1182 846 integrum
1208 807 1351 844 corpus
1379 794 1463 833 effi-

178 865 337 904 ciebant
371 878 451 904 non
489 864 619 902 minus
659 864 764 915 243,
806 864 846 900 et
882 861 977 899 illae
1016 860 1177 910 quidem
1216 859 1460 909 amplissime

175 931 374 969 tractatae
411 931 532 978 atque
572 927 892 978 diligentissimis
932 925 1182 965 sermonibus
1221 925 1462 975 illustratae,

174 989 470 1045 interierunt.*)

264 1059 637 1098 Inscribebatur
662 1058 764 1097 liber
787 1057 837 1095 ab
858 1056 915 1095 eis
936 1056 1005 1106 qui
1023 1056 1178 1106 priores
1198 1056 1240 1094 in
1257 1056 1462 1106 publicum

176 1125 388 1165 ediderunt
406 1125 527 1164 titulo
545 1123 783 1170 Quintiliani
801 1122 1134 1161 declamationum
1155 1121 1354 1160 minorum
1376 1116 1463 1171 (ad-

175 1191 288 1231 iectis
318 1191 369 1229 ad
393 1202 539 1229 nomen
565 1188 740 1243 auctoris
766 1200 790 1226 a
816 1188 1054 1238 quibusdam
1079 1187 1232 1227 verbis:
1265 1200 1366 1237 quae
1392 1200 1462 1236 pu-

175 1251 354 1309 tantur),
391 1258 437 1295 ut
474 1255 820 1305 distinguerentur
858 1253 1011 1292 scilicet
1049 1265 1073 1290 a
1108 1254 1160 1292 19
1200 1253 1364 1291 illarum
1401 1264 1462 1290 co-

176 1322 329 1372 piosius
367 1322 635 1360 tractatarum
666 1319 787 1368 libro,
826 1319 895 1368 qui
927 1320 967 1357 et
997 1319 1084 1368 ipse
1115 1318 1157 1355 in
1188 1317 1390 1356 codicibus
1422 1319 1463 1356 et

176 1386 418 1425 editionibus
438 1385 676 1431 Quintiliani
700 1396 846 1422 nomen
863 1396 961 1433 prae
981 1396 1023 1422 se
1045 1383 1134 1421 fert.
1174 1382 1251 1420 Sed
1270 1382 1392 1422 variis
1413 1381 1462 1420 de

175 1451 304 1490 causis
330 1462 411 1489 non
437 1450 534 1489 satis
562 1451 680 1499 aptus
703 1449 766 1487 hic
786 1450 930 1488 titulus
950 1447 1154 1498 putandus
1175 1450 1249 1487 est.
1280 1447 1462 1486 Primum

176 1516 283 1555 enim
314 1517 480 1565 excepta
504 1515 676 1554 fortasse
703 1526 859 1553 summa
882 1526 963 1552 non
991 1515 1086 1552 sunt
1109 1513 1241 1552 iustae
1268 1512 1462 1551 declama-

176 1581 325 1629 tiones,
357 1580 390 1619 si
422 1579 582 1630 quidem
613 1580 688 1618 hoc
718 1591 862 1618 nomen
894 1580 956 1617 est
987 1577 1281 1617 controversiae
1314 1577 1463 1616 schola-

270 1703 304 1750 *)
329 1704 557 1750 Fragmenta
588 1703 870 1749 deperditarum
895 1702 1215 1738 declamationum
1239 1701 1309 1737 illa
1334 1701 1462 1736 viden-

174 1754 236 1789 tur
261 1761 360 1796 esse,
386 1762 483 1796 quae
507 1751 708 1787 laudantur
733 1762 756 1786 a
780 1750 991 1795 Lactantio,
1017 1750 1091 1785 div.
1120 1750 1208 1784 inst.
1228 1749 1257 1795 Ι,
1277 1752 1322 1784 21
1348 1749 1421 1786 vol.
1445 1754 1462 1784 1

175 1812 210 1846 p.
239 1803 282 1835 52
320 1798 525 1853 Fritzsche:
566 1798 709 1844 optime
745 1798 863 1844 igitur
899 1797 1152 1841 Quintilianus
1191 1797 1230 1832 in
1264 1796 1462 1832 Fanatico:

177 1847 303 1901 „istud
326 1846 491 1900 ‘mquitq
524 1845 556 1881 si
588 1845 677 1899 deus
710 1845 813 1891 cogit
843 1845 962 1881 iratus
996 1846 1089 1880 est.“
1140 1843 1186 1889 V,
1208 1848 1227 1879 7
1254 1844 1303 1879 ib.
1331 1856 1366 1889 p.
1394 1847 1463 1879 241

176 1873 430 1947 Quintilianus
456 1921 463 1929 .
492 1921 500 1929 .
526 1892 719 1947 inUCapite
739 1893 938 1929 obvoluto:
965 1903 1077 1946 „pam
1099 1902 1208 1945 quae,
1233 1890 1367 1935 inquit,
1393 1892 1464 1927 vir-

174 1943 237 1996 tus
262 1941 363 1976 esset
386 1942 620 1995 innocentia,
645 1940 719 1994 nisi
745 1941 894 1976 laudem
920 1941 1056 1996 raritas
1082 1938 1295 1993 dedisset?“
1335 1938 1397 1993 VI,
1418 1942 1462 1991 23

175 1987 840 2079 ssassffioiffassssffiffsssssstssffi?2315
860 1988 1022 2070 ὲέεἳῗὲῖι
1039 1986 1187 2069 ”Eligis
1200 1986 1464 2078 'ffizsssnffl

177 2083 242 2128 qui
260 2081 344 2137 aliis
362 2082 456 2118 locis
474 2082 894 2125 Pseudo-Quintilianea
912 2082 1071 2128 spectat,
1097 2080 1223 2116 nescio
1244 2092 1292 2116 au
1313 2080 1465 2124 Quaest.

175 2130 357 2185 Helm-in
376 2129 509 2184 (ἔκευθε.
529 2130 593 2176 ΙΙΙ,
617 2134 635 2165 1
654 2142 691 2176 p.
713 2132 781 2165 353
801 2129 901 2165 Vall.
928 2131 1104 2174 loquatur
1130 2128 1176 2163 de
1201 2127 1331 2172 aliqua
1349 2127 1466 2173 ipsius

178 2177 402 2232 antxham
433 2177 696 2231 controversia.
724 2197 780 2231 —·
796 2176 992 2231 Qopiosius
1026 2175 1073 2211 de
1104 2175 1163 2211 his
1188 2175 1300 2210 rebus
1324 2176 1466 2210 tracta-

177 2226 318 2279 tum-m
335 2225 432 2260 libro
451 2236 535 2261 meo
555 2225 640 2270 „die
661 2224 871 2270 quintilian.
886 2223 1212 2267 Declamationen,
1232 2221 1414 2267 Freiburg
1427 2223 1467 2257 et

179 2271 375 2319 Tfibmgen
403 2273 532 2319 1881“‚
556 2285 592 2318 p.
613 2276 682 2308 209
703 2283 784 2317 sqq.
811 2273 850 2307 et
875 2274 944 2307 253
965 2282 1046 2316 sqq.

1202 2327 1252 2363 a*
