<?xml version="1.0" encoding="UTF-8"?>
<!DOCTYPE html PUBLIC "-//W3C//DTD XHTML 1.0 Transitional//EN"
    "http://www.w3.org/TR/xhtml1/DTD/xhtml1-transitional.dtd">
<html xmlns="http://www.w3.org/1999/xhtml" xml:lang="en" lang="en">
 <head>
  <title>
</title>
<meta http-equiv="Content-Type" content="text/html;charset=utf-8" />
  <meta name='ocr-system' content='tesseract 3.04.00' />
  <meta name='ocr-capabilities' content='ocr_page ocr_carea ocr_par ocr_line ocrx_word'/>
</head>
<body>
  <div class='ocr_page' id='page_1' title='image "./declamationesqua00quinuoft_0331.png"; bbox 0 0 1604 2488; ppageno 0'>
   <div class='ocr_carea' id='block_1_1' title="bbox 448 103 1432 167">
    <p class='ocr_par' dir='ltr' id='par_1_1' title="bbox 448 103 1432 167">
     <span class='ocr_line' id='line_1_1' title="bbox 448 103 1432 167; baseline 0.004 -4"><span class='ocrx_word' id='word_1_1' title='bbox 448 103 876 164; x_wconf 81' lang='lat' dir='ltr'>DEOLAMATIONES.</span> <span class='ocrx_word' id='word_1_2' title='bbox 901 124 1120 162; x_wconf 70' lang='lat' dir='ltr'><strong>ccome.</strong></span> <span class='ocrx_word' id='word_1_3' title='bbox 1343 123 1432 167; x_wconf 85' lang='lat'><strong>295</strong></span> 
     </span>
    </p>
   </div>
   <div class='ocr_carea' id='block_1_2' title="bbox 98 234 1505 1948">
    <p class='ocr_par' dir='ltr' id='par_1_2' title="bbox 98 234 1505 1948">
     <span class='ocr_line' id='line_1_2' title="bbox 141 234 1431 295; baseline -0.005 -14"><span class='ocrx_word' id='word_1_4' title='bbox 141 239 355 295; x_wconf 77' lang='lat' dir='ltr'><strong>tyrannos</strong></span> <span class='ocrx_word' id='word_1_5' title='bbox 395 237 608 291; x_wconf 86' lang='lat' dir='ltr'><strong>[tenebat]</strong></span> <span class='ocrx_word' id='word_1_6' title='bbox 647 236 832 279; x_wconf 88' lang='lat' dir='ltr'><strong>iniuriae</strong></span> <span class='ocrx_word' id='word_1_7' title='bbox 863 236 1036 277; x_wconf 85' lang='lat' dir='ltr'><strong>tantum</strong></span> <span class='ocrx_word' id='word_1_8' title='bbox 1069 234 1216 276; x_wconf 90' lang='lat' dir='ltr'><strong>dolore</strong></span> <span class='ocrx_word' id='word_1_9' title='bbox 1249 234 1431 290; x_wconf 85' lang='lat' dir='ltr'><strong>urgeba-</strong></span> 
     </span>
     <span class='ocr_line' id='line_1_3' title="bbox 98 292 1432 351; baseline -0.004 -10"><span class='ocrx_word' id='word_1_10' title='bbox 98 312 106 317; x_wconf 65' lang='lat'><strong>⁴</strong></span> <span class='ocrx_word' id='word_1_11' title='bbox 146 312 256 342; x_wconf 88' lang='lat' dir='ltr'><strong>mur.</strong></span> <span class='ocrx_word' id='word_1_12' title='bbox 304 296 558 340; x_wconf 84' lang='lat' dir='ltr'>incredibile</span> <span class='ocrx_word' id='word_1_13' title='bbox 589 298 667 348; x_wconf 86' lang='lat' dir='ltr'><strong>est,</strong></span> <span class='ocrx_word' id='word_1_14' title='bbox 698 295 800 351; x_wconf 89' lang='lat' dir='ltr'><strong>quid</strong></span> <span class='ocrx_word' id='word_1_15' title='bbox 830 309 919 337; x_wconf 96' lang='lat' dir='ltr'><strong>non</strong></span> <span class='ocrx_word' id='word_1_16' title='bbox 950 308 1108 337; x_wconf 87' lang='lat' dir='ltr'><strong>ausura</strong></span> <span class='ocrx_word' id='word_1_17' title='bbox 1138 292 1272 336; x_wconf 84' lang='lat' dir='ltr'><strong>fuerit</strong></span> <span class='ocrx_word' id='word_1_18' title='bbox 1301 292 1432 335; x_wconf 90' lang='lat' dir='ltr'><strong>liber-</strong></span> 
     </span>
     <span class='ocr_line' id='line_1_4' title="bbox 145 352 1432 409; baseline -0.004 -10"><span class='ocrx_word' id='word_1_19' title='bbox 145 356 251 400; x_wconf 80' lang='lat' dir='ltr'><strong>tatis</strong></span> <span class='ocrx_word' id='word_1_20' title='bbox 283 359 327 399; x_wconf 89' lang='lat' dir='ltr'><strong>et</strong></span> <span class='ocrx_word' id='word_1_21' title='bbox 359 355 512 399; x_wconf 86' lang='lat' dir='ltr'><strong>salutis</strong></span> <span class='ocrx_word' id='word_1_22' title='bbox 544 355 793 399; x_wconf 77' lang='lat' dir='ltr'><strong>necessitas.</strong></span> <span class='ocrx_word' id='word_1_23' title='bbox 833 353 937 409; x_wconf 88' lang='lat' dir='ltr'><strong>quid</strong></span> <span class='ocrx_word' id='word_1_24' title='bbox 968 353 1084 396; x_wconf 89' lang='lat' dir='ltr'><strong>enim</strong></span> <span class='ocrx_word' id='word_1_25' title='bbox 1116 352 1270 407; x_wconf 86' lang='lat' dir='ltr'><strong>dicam,</strong></span> <span class='ocrx_word' id='word_1_26' title='bbox 1301 365 1432 408; x_wconf 86' lang='lat' dir='ltr'><strong>quam</strong></span> 
     </span>
     <span class='ocr_line' id='line_1_5' title="bbox 147 411 1433 459; baseline -0.003 0"><span class='ocrx_word' id='word_1_27' title='bbox 147 415 316 459; x_wconf 86' lang='lat' dir='ltr'><strong>invisus</strong></span> <span class='ocrx_word' id='word_1_28' title='bbox 354 415 425 457; x_wconf 91' lang='lat' dir='ltr'><strong>ille</strong></span> <span class='ocrx_word' id='word_1_29' title='bbox 464 415 544 458; x_wconf 90' lang='lat' dir='ltr'><strong>diis</strong></span> <span class='ocrx_word' id='word_1_30' title='bbox 576 413 880 457; x_wconf 75' lang='lat' dir='ltr'><strong>inmortalibus</strong></span> <span class='ocrx_word' id='word_1_31' title='bbox 912 411 1073 455; x_wconf 73' lang='lat' dir='ltr'><strong>fuerit?</strong></span> <span class='ocrx_word' id='word_1_32' title='bbox 1109 427 1187 454; x_wconf 74' lang='grc' dir='ltr'><strong>-ε</strong></span> <span class='ocrx_word' id='word_1_33' title='bbox 1231 426 1311 455; x_wconf 94' lang='lat' dir='ltr'><strong>nos</strong></span> <span class='ocrx_word' id='word_1_34' title='bbox 1343 426 1433 455; x_wconf 87' lang='lat' dir='ltr'><strong>non</strong></span> 
     </span>
     <span class='ocr_line' id='line_1_6' title="bbox 145 471 1476 530; baseline -0.004 -12"><span class='ocrx_word' id='word_1_35' title='bbox 145 474 347 518; x_wconf 81' lang='lat' dir='ltr'><strong>ferebant</strong></span> <span class='ocrx_word' id='word_1_36' title='bbox 383 476 426 517; x_wconf 90' lang='lat' dir='ltr'><strong>et</strong></span> <span class='ocrx_word' id='word_1_37' title='bbox 456 474 694 530; x_wconf 85' lang='lat' dir='ltr'><strong>patientiae</strong></span> <span class='ocrx_word' id='word_1_38' title='bbox 724 475 898 516; x_wconf 88' lang='lat' dir='ltr'><strong>nostrae</strong></span> <span class='ocrx_word' id='word_1_39' title='bbox 930 472 1243 515; x_wconf 73' lang='lat' dir='ltr'><strong>irascebantur.</strong></span> <span class='ocrx_word' id='word_1_40' title='bbox 1297 471 1434 527; x_wconf 85' lang='lat' dir='ltr'><strong>igitur</strong></span> <span class='ocrx_word' id='word_1_41' title='bbox 1458 481 1476 514; x_wconf 79' lang='grc'>5</span> 
     </span>
     <span class='ocr_line' id='line_1_7' title="bbox 142 530 1433 587; baseline -0.005 -9"><span class='ocrx_word' id='word_1_42' title='bbox 142 535 186 578; x_wconf 76' lang='lat' dir='ltr'><strong>&#39;si</strong></span> <span class='ocrx_word' id='word_1_43' title='bbox 215 534 329 577; x_wconf 89' lang='lat' dir='ltr'><strong>hunc</strong></span> <span class='ocrx_word' id='word_1_44' title='bbox 360 536 531 577; x_wconf 89' lang='lat' dir='ltr'><strong>tantum</strong></span> <span class='ocrx_word' id='word_1_45' title='bbox 557 535 741 577; x_wconf 84' lang='lat' dir='ltr'><strong>vitasset</strong></span> <span class='ocrx_word' id='word_1_46' title='bbox 771 533 994 587; x_wconf 87' lang='lat' dir='ltr'><strong>impetum,</strong></span> <span class='ocrx_word' id='word_1_47' title='bbox 1025 531 1137 574; x_wconf 92' lang='lat' dir='ltr'><strong>nihil</strong></span> <span class='ocrx_word' id='word_1_48' title='bbox 1167 533 1316 574; x_wconf 89' lang='lat' dir='ltr'><strong>tamen</strong></span> <span class='ocrx_word' id='word_1_49' title='bbox 1346 530 1433 587; x_wconf 87' lang='lat' dir='ltr'><strong>ipsi</strong></span> 
     </span>
     <span class='ocr_line' id='line_1_8' title="bbox 147 589 1432 649; baseline -0.003 -13"><span class='ocrx_word' id='word_1_50' title='bbox 147 593 410 637; x_wconf 75' lang='lat' dir='ltr'><strong>deberemus,</strong></span> <span class='ocrx_word' id='word_1_51' title='bbox 460 592 556 649; x_wconf 85' lang='lat' dir='ltr'><strong>Age</strong></span> <span class='ocrx_word' id='word_1_52' title='bbox 588 592 707 647; x_wconf 88' lang='lat' dir='ltr'><strong>illud,</strong></span> <span class='ocrx_word' id='word_1_53' title='bbox 737 605 999 647; x_wconf 87' lang='lat' dir='ltr'><strong>quamquam</strong></span> <span class='ocrx_word' id='word_1_54' title='bbox 1030 591 1205 633; x_wconf 90' lang='lat' dir='ltr'><strong>demens</strong></span> <span class='ocrx_word' id='word_1_55' title='bbox 1233 592 1276 632; x_wconf 88' lang='lat' dir='ltr'><strong>et</strong></span> <span class='ocrx_word' id='word_1_56' title='bbox 1302 589 1432 633; x_wconf 89' lang='lat' dir='ltr'><strong>scele-</strong></span> 
     </span>
     <span class='ocr_line' id='line_1_9' title="bbox 143 651 1433 708; baseline -0.004 -12"><span class='ocrx_word' id='word_1_57' title='bbox 143 655 267 696; x_wconf 90' lang='lat' dir='ltr'><strong>ratus</strong></span> <span class='ocrx_word' id='word_1_58' title='bbox 301 655 344 695; x_wconf 92' lang='lat' dir='ltr'><strong>et</strong></span> <span class='ocrx_word' id='word_1_59' title='bbox 374 652 580 708; x_wconf 78' lang='lat' dir='ltr'><strong>furiosus,</strong></span> <span class='ocrx_word' id='word_1_60' title='bbox 616 666 705 694; x_wconf 92' lang='lat' dir='ltr'><strong>non</strong></span> <span class='ocrx_word' id='word_1_61' title='bbox 735 651 844 694; x_wconf 86' lang='lat' dir='ltr'><strong>vidit</strong></span> <span class='ocrx_word' id='word_1_62' title='bbox 875 651 1063 706; x_wconf 86' lang='lat' dir='ltr'><strong>effugere</strong></span> <span class='ocrx_word' id='word_1_63' title='bbox 1095 665 1140 692; x_wconf 89' lang='lat' dir='ltr'><strong>se</strong></span> <span class='ocrx_word' id='word_1_64' title='bbox 1172 664 1261 692; x_wconf 93' lang='lat' dir='ltr'><strong>non</strong></span> <span class='ocrx_word' id='word_1_65' title='bbox 1291 663 1433 705; x_wconf 91' lang='lat' dir='ltr'><strong>posse,</strong></span> 
     </span>
     <span class='ocr_line' id='line_1_10' title="bbox 146 709 1432 768; baseline -0.004 -13"><span class='ocrx_word' id='word_1_66' title='bbox 146 712 317 768; x_wconf 84' lang='lat' dir='ltr'><strong>quando</strong></span> <span class='ocrx_word' id='word_1_67' title='bbox 350 725 448 754; x_wconf 88' lang='lat' dir='ltr'><strong>eum</strong></span> <span class='ocrx_word' id='word_1_68' title='bbox 480 711 538 754; x_wconf 90' lang='lat' dir='ltr'><strong>dii</strong></span> <span class='ocrx_word' id='word_1_69' title='bbox 569 710 838 754; x_wconf 87' lang='lat' dir='ltr'><strong>immortales</strong></span> <span class='ocrx_word' id='word_1_70' title='bbox 870 710 981 752; x_wconf 90' lang='lat' dir='ltr'><strong>mori</strong></span> <span class='ocrx_word' id='word_1_71' title='bbox 1006 709 1194 752; x_wconf 80' lang='lat' dir='ltr'><strong>vellent?</strong></span> <span class='ocrx_word' id='word_1_72' title='bbox 1225 709 1432 764; x_wconf 84' lang='lat' dir='ltr'><strong>pestilen-</strong></span> 
     </span>
     <span class='ocr_line' id='line_1_11' title="bbox 144 768 1505 826; baseline -0.003 -12"><span class='ocrx_word' id='word_1_73' title='bbox 144 772 208 814; x_wconf 87' lang='lat' dir='ltr'><strong>tia</strong></span> <span class='ocrx_word' id='word_1_74' title='bbox 244 772 494 814; x_wconf 87' lang='lat' dir='ltr'><strong>innocentes</strong></span> <span class='ocrx_word' id='word_1_75' title='bbox 531 771 823 826; x_wconf 75' lang='lat' dir='ltr'><strong>rapiebantur.</strong></span> <span class='ocrx_word' id='word_1_76' title='bbox 873 783 962 812; x_wconf 93' lang='lat' dir='ltr'><strong>non</strong></span> <span class='ocrx_word' id='word_1_77' title='bbox 992 783 1060 811; x_wconf 92' lang='lat' dir='ltr'><strong>me</strong></span> <span class='ocrx_word' id='word_1_78' title='bbox 1091 768 1265 811; x_wconf 83' lang='lat' dir='ltr'><strong>hercule</strong></span> <span class='ocrx_word' id='word_1_79' title='bbox 1298 768 1434 811; x_wconf 79' lang='lat' dir='ltr'><strong>alium</strong></span> <span class='ocrx_word' id='word_1_80' title='bbox 1461 778 1505 810; x_wconf 90' lang='lat'><strong>10</strong></span> 
     </span>
     <span class='ocr_line' id='line_1_12' title="bbox 146 825 1432 885; baseline -0.003 -12"><span class='ocrx_word' id='word_1_81' title='bbox 146 830 280 873; x_wconf 85' lang='lat' dir='ltr'><strong>fuisse</strong></span> <span class='ocrx_word' id='word_1_82' title='bbox 312 829 417 885; x_wconf 86' lang='lat' dir='ltr'><strong>&lt;in&gt;</strong></span> <span class='ocrx_word' id='word_1_83' title='bbox 450 831 682 884; x_wconf 86' lang='lat' dir='ltr'><strong>causa[m],</strong></span> <span class='ocrx_word' id='word_1_84' title='bbox 719 829 900 883; x_wconf 88' lang='lat' dir='ltr'><strong>iudices,</strong></span> <span class='ocrx_word' id='word_1_85' title='bbox 938 828 1158 883; x_wconf 84' lang='lat' dir='ltr'><strong>existimo,</strong></span> <span class='ocrx_word' id='word_1_86' title='bbox 1202 825 1316 883; x_wconf 69' lang='lat' dir='ltr'><strong>q‘uod</strong></span> <span class='ocrx_word' id='word_1_87' title='bbox 1346 826 1432 870; x_wconf 87' lang='lat' dir='ltr'><strong>huc</strong></span> 
     </span>
     <span class='ocr_line' id='line_1_13' title="bbox 146 886 1432 944; baseline -0.003 -12"><span class='ocrx_word' id='word_1_88' title='bbox 146 889 318 932; x_wconf 86' lang='lat' dir='ltr'><strong>deducti</strong></span> <span class='ocrx_word' id='word_1_89' title='bbox 355 904 516 932; x_wconf 88' lang='lat' dir='ltr'><strong>sumus.</strong></span> <span class='ocrx_word' id='word_1_90' title='bbox 566 888 698 944; x_wconf 78' lang='lat' dir='ltr'><strong>quid?</strong></span> <span class='ocrx_word' id='word_1_91' title='bbox 737 888 783 930; x_wconf 89' lang='lat' dir='ltr'><strong>in</strong></span> <span class='ocrx_word' id='word_1_92' title='bbox 821 888 898 930; x_wconf 86' lang='lat' dir='ltr'><strong>illa</strong></span> <span class='ocrx_word' id='word_1_93' title='bbox 933 887 1031 930; x_wconf 88' lang='lat' dir='ltr'><strong>labe</strong></span> <span class='ocrx_word' id='word_1_94' title='bbox 1068 887 1205 930; x_wconf 88' lang='lat' dir='ltr'><strong>totius</strong></span> <span class='ocrx_word' id='word_1_95' title='bbox 1238 886 1432 929; x_wconf 87' lang='lat' dir='ltr'><strong>civitatis</strong></span> 
     </span>
     <span class='ocr_line' id='line_1_14' title="bbox 142 946 1431 1002; baseline -0.003 -11"><span class='ocrx_word' id='word_1_96' title='bbox 142 948 206 991; x_wconf 83' lang='lat' dir='ltr'><strong>dii</strong></span> <span class='ocrx_word' id='word_1_97' title='bbox 236 948 490 992; x_wconf 88' lang='lat' dir='ltr'><strong>inmortales</strong></span> <span class='ocrx_word' id='word_1_98' title='bbox 528 963 617 990; x_wconf 94' lang='lat' dir='ltr'><strong>non</strong></span> <span class='ocrx_word' id='word_1_99' title='bbox 648 950 740 990; x_wconf 87' lang='lat' dir='ltr'><strong>tam</strong></span> <span class='ocrx_word' id='word_1_100' title='bbox 771 947 903 989; x_wconf 87' lang='lat' dir='ltr'><strong>tacite</strong></span> <span class='ocrx_word' id='word_1_101' title='bbox 935 946 1156 1002; x_wconf 78' lang='lat' dir='ltr'><strong>intellegi,</strong></span> <span class='ocrx_word' id='word_1_102' title='bbox 1194 960 1323 1001; x_wconf 91' lang='lat' dir='ltr'><strong>quam</strong></span> <span class='ocrx_word' id='word_1_103' title='bbox 1354 960 1431 1000; x_wconf 89' lang='lat' dir='ltr'><strong>pu-</strong></span> 
     </span>
     <span class='ocr_line' id='line_1_15' title="bbox 143 1004 1432 1063; baseline -0.002 -13"><span class='ocrx_word' id='word_1_104' title='bbox 143 1006 307 1050; x_wconf 81' lang='lat' dir='ltr'><strong>blicare</strong></span> <span class='ocrx_word' id='word_1_105' title='bbox 338 1021 523 1063; x_wconf 90' lang='lat' dir='ltr'><strong>poenam</strong></span> <span class='ocrx_word' id='word_1_106' title='bbox 553 1007 729 1062; x_wconf 89' lang='lat' dir='ltr'><strong>tyranni</strong></span> <span class='ocrx_word' id='word_1_107' title='bbox 760 1006 998 1049; x_wconf 87' lang='lat' dir='ltr'><strong>voluerunt.</strong></span> <span class='ocrx_word' id='word_1_108' title='bbox 1029 1020 1183 1062; x_wconf 89' lang='lat' dir='ltr'><strong>parum</strong></span> <span class='ocrx_word' id='word_1_109' title='bbox 1215 1004 1432 1048; x_wconf 89' lang='lat' dir='ltr'><strong>existima-</strong></span> 
     </span>
     <span class='ocr_line' id='line_1_16' title="bbox 145 1065 1503 1121; baseline -0.003 -12"><span class='ocrx_word' id='word_1_110' title='bbox 145 1067 320 1121; x_wconf 85' lang='lat' dir='ltr'><strong>verunt,</strong></span> <span class='ocrx_word' id='word_1_111' title='bbox 353 1067 390 1108; x_wconf 92' lang='lat' dir='ltr'><strong>si</strong></span> <span class='ocrx_word' id='word_1_112' title='bbox 422 1067 546 1109; x_wconf 89' lang='lat' dir='ltr'><strong>illum</strong></span> <span class='ocrx_word' id='word_1_113' title='bbox 578 1066 689 1109; x_wconf 87' lang='lat' dir='ltr'><strong>alius</strong></span> <span class='ocrx_word' id='word_1_114' title='bbox 722 1065 959 1108; x_wconf 89' lang='lat' dir='ltr'><strong>occidisset.</strong></span> <span class='ocrx_word' id='word_1_115' title='bbox 1460 1074 1503 1106; x_wconf 77' lang='lat'><strong>15</strong></span> 
     </span>
     <span class='ocr_line' id='line_1_17' title="bbox 261 1124 1434 1181; baseline -0.003 -13"><span class='ocrx_word' id='word_1_116' title='bbox 261 1124 329 1168; x_wconf 89' lang='lat' dir='ltr'><strong>Ne</strong></span> <span class='ocrx_word' id='word_1_117' title='bbox 372 1126 468 1181; x_wconf 88' lang='lat' dir='ltr'><strong>quis</strong></span> <span class='ocrx_word' id='word_1_118' title='bbox 509 1126 656 1181; x_wconf 88' lang='lat' dir='ltr'><strong>itaque</strong></span> <span class='ocrx_word' id='word_1_119' title='bbox 701 1125 938 1179; x_wconf 88' lang='lat' dir='ltr'><strong>existimet,</strong></span> <span class='ocrx_word' id='word_1_120' title='bbox 982 1124 1193 1166; x_wconf 91' lang='lat' dir='ltr'><strong>ultionem</strong></span> <span class='ocrx_word' id='word_1_121' title='bbox 1235 1125 1434 1166; x_wconf 84' lang='lat' dir='ltr'><strong>nostram</strong></span> 
     </span>
     <span class='ocr_line' id='line_1_18' title="bbox 142 1182 1434 1238; baseline -0.003 -11"><span class='ocrx_word' id='word_1_122' title='bbox 142 1185 316 1227; x_wconf 65' lang='lat' dir='ltr'><strong>tantum</strong></span> <span class='ocrx_word' id='word_1_123' title='bbox 373 1185 425 1227; x_wconf 88' lang='lat' dir='ltr'><strong>ad</strong></span> <span class='ocrx_word' id='word_1_124' title='bbox 484 1185 651 1227; x_wconf 91' lang='lat' dir='ltr'><strong>animos</strong></span> <span class='ocrx_word' id='word_1_125' title='bbox 706 1184 934 1227; x_wconf 92' lang='lat' dir='ltr'><strong>hominum</strong></span> <span class='ocrx_word' id='word_1_126' title='bbox 983 1183 1212 1238; x_wconf 87' lang='lat' dir='ltr'><strong>pertinere.</strong></span> <span class='ocrx_word' id='word_1_127' title='bbox 1297 1182 1434 1238; x_wconf 85' lang='lat' dir='ltr'><strong>illam,</strong></span> 
     </span>
     <span class='ocr_line' id='line_1_19' title="bbox 145 1241 1434 1300; baseline -0.002 -14"><span class='ocrx_word' id='word_1_128' title='bbox 145 1243 270 1286; x_wconf 85' lang='lat' dir='ltr'><strong>illam</strong></span> <span class='ocrx_word' id='word_1_129' title='bbox 302 1256 402 1300; x_wconf 89' lang='lat' dir='ltr'><strong>eg0,</strong></span> <span class='ocrx_word' id='word_1_130' title='bbox 433 1243 613 1298; x_wconf 89' lang='lat' dir='ltr'><strong>iudices,</strong></span> <span class='ocrx_word' id='word_1_131' title='bbox 651 1243 739 1285; x_wconf 86' lang='lat' dir='ltr'><strong>iam</strong></span> <span class='ocrx_word' id='word_1_132' title='bbox 770 1257 884 1285; x_wconf 90' lang='lat' dir='ltr'><strong>nunc</strong></span> <span class='ocrx_word' id='word_1_133' title='bbox 914 1242 1039 1284; x_wconf 85' lang='lat' dir='ltr'><strong>video</strong></span> <span class='ocrx_word' id='word_1_134' title='bbox 1073 1241 1271 1296; x_wconf 82' lang='lat' dir='ltr'><strong>&lt;redire&gt;</strong></span> <span class='ocrx_word' id='word_1_135' title='bbox 1303 1241 1434 1297; x_wconf 85' lang='lat' dir='ltr'><strong>pesti·</strong></span> 
     </span>
     <span class='ocr_line' id='line_1_20' title="bbox 143 1299 1434 1356; baseline -0.002 -12"><span class='ocrx_word' id='word_1_136' title='bbox 143 1302 335 1344; x_wconf 83' lang='lat' dir='ltr'><strong>lentiam.</strong></span> <span class='ocrx_word' id='word_1_137' title='bbox 413 1317 516 1345; x_wconf 88' lang='lat' dir='ltr'><strong>nam</strong></span> <span class='ocrx_word' id='word_1_138' title='bbox 573 1303 611 1345; x_wconf 90' lang='lat' dir='ltr'><strong>si</strong></span> <span class='ocrx_word' id='word_1_139' title='bbox 665 1303 750 1344; x_wconf 85' lang='lat' dir='ltr'><strong>fuit</strong></span> <span class='ocrx_word' id='word_1_140' title='bbox 809 1316 939 1344; x_wconf 88' lang='lat' dir='ltr'><strong>causa</strong></span> <span class='ocrx_word' id='word_1_141' title='bbox 994 1301 1263 1356; x_wconf 89' lang='lat' dir='ltr'><strong>morborum,</strong></span> <span class='ocrx_word' id='word_1_142' title='bbox 1319 1299 1434 1356; x_wconf 85' lang='lat' dir='ltr'><strong>quod</strong></span> 
     </span>
     <span class='ocr_line' id='line_1_21' title="bbox 143 1360 1505 1417; baseline -0.001 -14"><span class='ocrx_word' id='word_1_143' title='bbox 143 1360 276 1404; x_wconf 90' lang='lat' dir='ltr'><strong>homo</strong></span> <span class='ocrx_word' id='word_1_144' title='bbox 314 1361 360 1404; x_wconf 93' lang='lat' dir='ltr'><strong>in</strong></span> <span class='ocrx_word' id='word_1_145' title='bbox 391 1362 567 1404; x_wconf 85' lang='lat' dir='ltr'><strong>civitate</strong></span> <span class='ocrx_word' id='word_1_146' title='bbox 603 1364 768 1417; x_wconf 84' lang='lat' dir='ltr'><strong>nostra,</strong></span> <span class='ocrx_word' id='word_1_147' title='bbox 800 1376 878 1403; x_wconf 92' lang='lat' dir='ltr'><strong>sua</strong></span> <span class='ocrx_word' id='word_1_148' title='bbox 914 1363 1061 1403; x_wconf 88' lang='lat' dir='ltr'><strong>tamen</strong></span> <span class='ocrx_word' id='word_1_149' title='bbox 1092 1362 1236 1402; x_wconf 90' lang='lat' dir='ltr'><strong>mente</strong></span> <span class='ocrx_word' id='word_1_150' title='bbox 1270 1373 1434 1414; x_wconf 90' lang='lat' dir='ltr'><strong>suoque</strong></span> <span class='ocrx_word' id='word_1_151' title='bbox 1459 1370 1505 1403; x_wconf 81' lang='lat'><strong>20</strong></span> 
     </span>
     <span class='ocr_line' id='line_1_22' title="bbox 143 1419 1434 1476; baseline -0.001 -14"><span class='ocrx_word' id='word_1_152' title='bbox 143 1420 370 1475; x_wconf 87' lang='lat' dir='ltr'><strong>proposito</strong></span> <span class='ocrx_word' id='word_1_153' title='bbox 413 1434 556 1463; x_wconf 87' lang='lat' dir='ltr'><strong>arcem</strong></span> <span class='ocrx_word' id='word_1_154' title='bbox 588 1423 861 1476; x_wconf 83' lang='lat' dir='ltr'><strong>occupasset,</strong></span> <span class='ocrx_word' id='word_1_155' title='bbox 906 1420 1020 1475; x_wconf 89' lang='lat' dir='ltr'><strong>quod</strong></span> <span class='ocrx_word' id='word_1_156' title='bbox 1051 1419 1300 1462; x_wconf 87' lang='lat' dir='ltr'><strong>libertatem</strong></span> <span class='ocrx_word' id='word_1_157' title='bbox 1337 1419 1434 1461; x_wconf 90' lang='lat' dir='ltr'><strong>abs-</strong></span> 
     </span>
     <span class='ocr_line' id='line_1_23' title="bbox 142 1478 1433 1536; baseline -0.002 -15"><span class='ocrx_word' id='word_1_158' title='bbox 142 1479 335 1522; x_wconf 89' lang='lat' dir='ltr'><strong>tulisset:</strong></span> <span class='ocrx_word' id='word_1_159' title='bbox 393 1494 476 1536; x_wconf 87' lang='lat' dir='ltr'><strong>quo</strong></span> <span class='ocrx_word' id='word_1_160' title='bbox 527 1479 703 1522; x_wconf 87' lang='lat' dir='ltr'><strong>tandem</strong></span> <span class='ocrx_word' id='word_1_161' title='bbox 754 1479 883 1522; x_wconf 86' lang='lat' dir='ltr'><strong>modo</strong></span> <span class='ocrx_word' id='word_1_162' title='bbox 930 1479 1194 1521; x_wconf 85' lang='lat' dir='ltr'><strong>ulciscentur</strong></span> <span class='ocrx_word' id='word_1_163' title='bbox 1245 1478 1305 1521; x_wconf 88' lang='lat' dir='ltr'><strong>dii</strong></span> <span class='ocrx_word' id='word_1_164' title='bbox 1354 1478 1433 1519; x_wconf 87' lang='lat' dir='ltr'><strong>im-</strong></span> 
     </span>
     <span class='ocr_line' id='line_1_24' title="bbox 142 1537 1434 1594; baseline -0.002 -13"><span class='ocrx_word' id='word_1_165' title='bbox 142 1539 348 1581; x_wconf 84' lang='lat' dir='ltr'><strong>mortales</strong></span> <span class='ocrx_word' id='word_1_166' title='bbox 374 1538 431 1592; x_wconf 89' lang='lat' dir='ltr'><strong>id,</strong></span> <span class='ocrx_word' id='word_1_167' title='bbox 463 1539 576 1594; x_wconf 88' lang='lat' dir='ltr'><strong>quod</strong></span> <span class='ocrx_word' id='word_1_168' title='bbox 602 1553 682 1581; x_wconf 90' lang='lat' dir='ltr'><strong>nos</strong></span> <span class='ocrx_word' id='word_1_169' title='bbox 707 1538 967 1581; x_wconf 80' lang='lat' dir='ltr'><strong>fecerimus?</strong></span> <span class='ocrx_word' id='word_1_170' title='bbox 1015 1537 1184 1593; x_wconf 85' lang='lat' dir='ltr'><strong>Corpus</strong></span> <span class='ocrx_word' id='word_1_171' title='bbox 1210 1538 1319 1580; x_wconf 88' lang='lat' dir='ltr'><strong>illud</strong></span> <span class='ocrx_word' id='word_1_172' title='bbox 1346 1552 1434 1580; x_wconf 90' lang='lat' dir='ltr'><strong>om-</strong></span> 
     </span>
     <span class='ocr_line' id='line_1_25' title="bbox 144 1597 1433 1653; baseline -0.002 -13"><span class='ocrx_word' id='word_1_173' title='bbox 144 1597 275 1640; x_wconf 89' lang='lat' dir='ltr'><strong>nibus</strong></span> <span class='ocrx_word' id='word_1_174' title='bbox 315 1597 483 1653; x_wconf 91' lang='lat' dir='ltr'><strong>sibique</strong></span> <span class='ocrx_word' id='word_1_175' title='bbox 521 1598 607 1653; x_wconf 86' lang='lat' dir='ltr'><strong>ipsi</strong></span> <span class='ocrx_word' id='word_1_176' title='bbox 639 1598 891 1641; x_wconf 90' lang='lat' dir='ltr'><strong>damnatum</strong></span> <span class='ocrx_word' id='word_1_177' title='bbox 921 1597 1108 1652; x_wconf 87' lang='lat' dir='ltr'><strong>publicis</strong></span> <span class='ocrx_word' id='word_1_178' title='bbox 1142 1597 1307 1639; x_wconf 89' lang='lat' dir='ltr'><strong>scilicet</strong></span> <span class='ocrx_word' id='word_1_179' title='bbox 1340 1611 1433 1639; x_wconf 86' lang='lat' dir='ltr'><strong>exe-</strong></span> 
     </span>
     <span class='ocr_line' id='line_1_26' title="bbox 142 1655 1505 1713; baseline 0 -14"><span class='ocrx_word' id='word_1_180' title='bbox 142 1656 256 1712; x_wconf 88' lang='lat' dir='ltr'><strong>quiis</strong></span> <span class='ocrx_word' id='word_1_181' title='bbox 289 1656 545 1699; x_wconf 75' lang='lat' dir='ltr'><strong>efferemus?</strong></span> <span class='ocrx_word' id='word_1_182' title='bbox 583 1657 665 1700; x_wconf 89' lang='lat' dir='ltr'><strong>hoc</strong></span> <span class='ocrx_word' id='word_1_183' title='bbox 698 1657 837 1713; x_wconf 84' lang='lat' dir='ltr'><strong>agite:</strong></span> <span class='ocrx_word' id='word_1_184' title='bbox 869 1656 1049 1699; x_wconf 85' lang='lat' dir='ltr'><strong>ducatur</strong></span> <span class='ocrx_word' id='word_1_185' title='bbox 1079 1657 1234 1713; x_wconf 86' lang='lat' dir='ltr'><strong>ingens</strong></span> <span class='ocrx_word' id='word_1_186' title='bbox 1266 1655 1432 1699; x_wconf 87' lang='lat' dir='ltr'><strong>funeris</strong></span> <span class='ocrx_word' id='word_1_187' title='bbox 1458 1667 1505 1699; x_wconf 80' lang='lat'><strong>25</strong></span> 
     </span>
     <span class='ocr_line' id='line_1_27' title="bbox 140 1716 1434 1772; baseline 0 -14"><span class='ocrx_word' id='word_1_188' title='bbox 140 1729 319 1770; x_wconf 88' lang='lat' dir='ltr'><strong>pompa,</strong></span> <span class='ocrx_word' id='word_1_189' title='bbox 359 1718 430 1758; x_wconf 87' lang='lat' dir='ltr'><strong>eat</strong></span> <span class='ocrx_word' id='word_1_190' title='bbox 460 1716 629 1772; x_wconf 89' lang='lat' dir='ltr'><strong>primus</strong></span> <span class='ocrx_word' id='word_1_191' title='bbox 663 1718 857 1771; x_wconf 87' lang='lat' dir='ltr'><strong>senatus,</strong></span> <span class='ocrx_word' id='word_1_192' title='bbox 897 1718 940 1758; x_wconf 91' lang='lat' dir='ltr'><strong>et</strong></span> <span class='ocrx_word' id='word_1_193' title='bbox 972 1716 1076 1759; x_wconf 88' lang='lat' dir='ltr'><strong>ordo</strong></span> <span class='ocrx_word' id='word_1_194' title='bbox 1109 1716 1184 1758; x_wconf 90' lang='lat' dir='ltr'><strong>ille</strong></span> <span class='ocrx_word' id='word_1_195' title='bbox 1217 1716 1434 1758; x_wconf 84' lang='lat' dir='ltr'><strong>sanctissi-</strong></span> 
     </span>
     <span class='ocr_line' id='line_1_28' title="bbox 140 1775 1436 1831; baseline 0.001 -15"><span class='ocrx_word' id='word_1_196' title='bbox 140 1788 255 1830; x_wconf 86' lang='lat' dir='ltr'><strong>mus,</strong></span> <span class='ocrx_word' id='word_1_197' title='bbox 313 1789 575 1831; x_wconf 87' lang='lat' dir='ltr'><strong>quamquam</strong></span> <span class='ocrx_word' id='word_1_198' title='bbox 624 1777 798 1830; x_wconf 86' lang='lat' dir='ltr'><strong>recepta</strong></span> <span class='ocrx_word' id='word_1_199' title='bbox 847 1775 976 1817; x_wconf 88' lang='lat' dir='ltr'><strong>modo</strong></span> <span class='ocrx_word' id='word_1_200' title='bbox 1027 1776 1231 1818; x_wconf 84' lang='lat' dir='ltr'><strong>libertate</strong></span> <span class='ocrx_word' id='word_1_201' title='bbox 1280 1775 1436 1831; x_wconf 86' lang='lat' dir='ltr'><strong>laetus,</strong></span> 
     </span>
     <span class='ocr_line' id='line_1_29' title="bbox 138 1833 1434 1890; baseline 0 -14"><span class='ocrx_word' id='word_1_202' title='bbox 138 1833 286 1876; x_wconf 78' lang='lat' dir='ltr'><strong>vultus</strong></span> <span class='ocrx_word' id='word_1_203' title='bbox 321 1836 471 1877; x_wconf 90' lang='lat' dir='ltr'><strong>tamen</strong></span> <span class='ocrx_word' id='word_1_204' title='bbox 499 1834 761 1890; x_wconf 86' lang='lat' dir='ltr'><strong>habitusque</strong></span> <span class='ocrx_word' id='word_1_205' title='bbox 794 1834 849 1876; x_wconf 87' lang='lat' dir='ltr'><strong>ad</strong></span> <span class='ocrx_word' id='word_1_206' title='bbox 879 1835 1147 1877; x_wconf 85' lang='lat' dir='ltr'><strong>maestitiam</strong></span> <span class='ocrx_word' id='word_1_207' title='bbox 1178 1834 1434 1889; x_wconf 83' lang='lat' dir='ltr'><strong>transferat3</strong></span> 
     </span>
     <span class='ocr_line' id='line_1_30' title="bbox 138 1893 1434 1948; baseline 0 -13"><span class='ocrx_word' id='word_1_208' title='bbox 138 1895 230 1935; x_wconf 73' lang='lat' dir='ltr'><strong>tum</strong></span> <span class='ocrx_word' id='word_1_209' title='bbox 261 1893 453 1936; x_wconf 85' lang='lat' dir='ltr'><strong>maxima</strong></span> <span class='ocrx_word' id='word_1_210' title='bbox 485 1893 720 1936; x_wconf 88' lang='lat' dir='ltr'><strong>multitudo</strong></span> <span class='ocrx_word' id='word_1_211' title='bbox 752 1894 955 1948; x_wconf 73' lang='lat' dir='ltr'><strong>equitum,</strong></span> <span class='ocrx_word' id='word_1_212' title='bbox 987 1894 1217 1936; x_wconf 88' lang='lat' dir='ltr'><strong>universus</strong></span> <span class='ocrx_word' id='word_1_213' title='bbox 1249 1893 1434 1948; x_wconf 87' lang='lat' dir='ltr'><strong>denique</strong></span> 
     </span>
    </p>
   </div>
   <div class='ocr_carea' id='block_1_3' title="bbox 138 2031 1436 2363">
    <p class='ocr_par' dir='ltr' id='par_1_3' title="bbox 138 2031 1436 2363">
     <span class='ocr_line' id='line_1_31' title="bbox 238 2031 1436 2079; baseline 0.003 -13"><span class='ocrx_word' id='word_1_214' title='bbox 238 2035 256 2066; x_wconf 90' lang='lat'>1</span> <span class='ocrx_word' id='word_1_215' title='bbox 290 2031 446 2067; x_wconf 86' lang='lat' dir='ltr'><strong>tenebat</strong></span> <span class='ocrx_word' id='word_1_216' title='bbox 479 2035 562 2076; x_wconf 80' lang='lat' dir='ltr'><strong>AB,</strong></span> <span class='ocrx_word' id='word_1_217' title='bbox 599 2033 780 2068; x_wconf 88' lang='lat' dir='ltr'><strong>tenebant</strong></span> <span class='ocrx_word' id='word_1_218' title='bbox 811 2034 903 2077; x_wconf 63' lang='lat' dir='ltr'><strong>edd„</strong></span> <span class='ocrx_word' id='word_1_219' title='bbox 942 2033 1097 2068; x_wconf 78' lang='lat' dir='ltr'><strong>exclusit</strong></span> <span class='ocrx_word' id='word_1_220' title='bbox 1123 2032 1199 2068; x_wconf 81' lang='lat' dir='ltr'><strong>Obr</strong></span> <span class='ocrx_word' id='word_1_221' title='bbox 1229 2034 1242 2079; x_wconf 75' lang='lat' dir='ltr'>ss</span> <span class='ocrx_word' id='word_1_222' title='bbox 1273 2037 1295 2068; x_wconf 87' lang='lat'>4</span> <span class='ocrx_word' id='word_1_223' title='bbox 1320 2033 1436 2070; x_wconf 86' lang='lat' dir='ltr'><strong>fuerit</strong></span> 
     </span>
     <span class='ocr_line' id='line_1_32' title="bbox 141 2079 1434 2126; baseline 0.001 -11"><span class='ocrx_word' id='word_1_224' title='bbox 141 2089 210 2117; x_wconf 87' lang='lat' dir='ltr'><strong>om.</strong></span> <span class='ocrx_word' id='word_1_225' title='bbox 236 2081 263 2113; x_wconf 81' lang='lat' dir='ltr'>B</span> <span class='ocrx_word' id='word_1_226' title='bbox 294 2079 307 2124; x_wconf 80' lang='lat' dir='ltr'>ss</span> <span class='ocrx_word' id='word_1_227' title='bbox 337 2082 431 2114; x_wconf 84' lang='lat'><strong>4-5</strong></span> <span class='ocrx_word' id='word_1_228' title='bbox 458 2090 532 2114; x_wconf 90' lang='lat' dir='ltr'><strong>non</strong></span> <span class='ocrx_word' id='word_1_229' title='bbox 559 2079 782 2116; x_wconf 85' lang='lat' dir='ltr'><strong>deserebant</strong></span> <span class='ocrx_word' id='word_1_230' title='bbox 806 2083 833 2114; x_wconf 85' lang='lat' dir='ltr'>B</span> <span class='ocrx_word' id='word_1_231' title='bbox 864 2082 876 2126; x_wconf 79' lang='grc' dir='ltr'><strong>ΙΙ</strong></span> <span class='ocrx_word' id='word_1_232' title='bbox 909 2083 928 2115; x_wconf 83' lang='grc'>5</span> <span class='ocrx_word' id='word_1_233' title='bbox 956 2080 1071 2126; x_wconf 87' lang='lat' dir='ltr'><strong>igitur</strong></span> <span class='ocrx_word' id='word_1_234' title='bbox 1102 2091 1169 2116; x_wconf 85' lang='lat' dir='ltr'><strong>om.</strong></span> <span class='ocrx_word' id='word_1_235' title='bbox 1201 2082 1231 2114; x_wconf 76' lang='lat' dir='ltr'>A</span> <span class='ocrx_word' id='word_1_236' title='bbox 1262 2082 1275 2126; x_wconf 80' lang='grc' dir='ltr'><strong>ΙΙ</strong></span> <span class='ocrx_word' id='word_1_237' title='bbox 1307 2085 1326 2116; x_wconf 82' lang='grc'>7</span> <span class='ocrx_word' id='word_1_238' title='bbox 1353 2082 1434 2116; x_wconf 89' lang='lat' dir='ltr'><strong>tan-</strong></span> 
     </span>
     <span class='ocr_line' id='line_1_33' title="bbox 139 2126 1433 2174; baseline 0.001 -11"><span class='ocrx_word' id='word_1_239' title='bbox 139 2137 253 2172; x_wconf 76' lang='lat' dir='ltr'><strong>quam</strong></span> <span class='ocrx_word' id='word_1_240' title='bbox 277 2129 305 2159; x_wconf 86' lang='lat' dir='ltr'>B</span> <span class='ocrx_word' id='word_1_241' title='bbox 337 2127 349 2172; x_wconf 87' lang='grc' dir='ltr'><strong>ΙΙ</strong></span> <span class='ocrx_word' id='word_1_242' title='bbox 383 2130 522 2161; x_wconf 89' lang='grc'>10-11</span> <span class='ocrx_word' id='word_1_243' title='bbox 558 2127 672 2162; x_wconf 88' lang='lat' dir='ltr'><strong>aliam</strong></span> <span class='ocrx_word' id='word_1_244' title='bbox 698 2126 811 2163; x_wconf 84' lang='lat' dir='ltr'><strong>fuisse</strong></span> <span class='ocrx_word' id='word_1_245' title='bbox 838 2138 989 2163; x_wconf 87' lang='lat' dir='ltr'><strong>causam</strong></span> <span class='ocrx_word' id='word_1_246' title='bbox 1015 2130 1099 2172; x_wconf 76' lang='lat' dir='ltr'><strong>AB,</strong></span> <span class='ocrx_word' id='word_1_247' title='bbox 1138 2138 1230 2164; x_wconf 82' lang='lat' dir='ltr'><strong>corr.</strong></span> <span class='ocrx_word' id='word_1_248' title='bbox 1256 2127 1314 2164; x_wconf 83' lang='lat' dir='ltr'><strong>Ro</strong></span> <span class='ocrx_word' id='word_1_249' title='bbox 1345 2130 1358 2174; x_wconf 78' lang='grc' dir='ltr'><strong>ΙΙ</strong></span> <span class='ocrx_word' id='word_1_250' title='bbox 1391 2132 1433 2164; x_wconf 88' lang='grc'><strong>11</strong></span> 
     </span>
     <span class='ocr_line' id='line_1_34' title="bbox 138 2172 1435 2220; baseline 0.001 -10"><span class='ocrx_word' id='word_1_251' title='bbox 138 2173 228 2210; x_wconf 79' lang='lat' dir='ltr'><strong>hinc</strong></span> <span class='ocrx_word' id='word_1_252' title='bbox 254 2176 284 2207; x_wconf 80' lang='grc' dir='ltr'><strong>Δ</strong></span> <span class='ocrx_word' id='word_1_253' title='bbox 308 2175 320 2218; x_wconf 84' lang='grc' dir='ltr'><strong>ΙΙ</strong></span> <span class='ocrx_word' id='word_1_254' title='bbox 348 2177 390 2208; x_wconf 82' lang='grc'><strong>12</strong></span> <span class='ocrx_word' id='word_1_255' title='bbox 426 2172 511 2209; x_wconf 84' lang='lat' dir='ltr'><strong>labe</strong></span> <span class='ocrx_word' id='word_1_256' title='bbox 538 2173 641 2209; x_wconf 89' lang='lat' dir='ltr'><strong>illius</strong></span> <span class='ocrx_word' id='word_1_257' title='bbox 666 2174 783 2210; x_wconf 87' lang='lat' dir='ltr'><strong>totius</strong></span> <span class='ocrx_word' id='word_1_258' title='bbox 811 2174 978 2211; x_wconf 86' lang='lat' dir='ltr'><strong>civitatis</strong></span> <span class='ocrx_word' id='word_1_259' title='bbox 1004 2177 1058 2210; x_wconf 77' lang='lat' dir='ltr'><strong>Aa.</strong></span> <span class='ocrx_word' id='word_1_260' title='bbox 1081 2177 1095 2220; x_wconf 80' lang='lat' dir='ltr'>n</span> <span class='ocrx_word' id='word_1_261' title='bbox 1121 2178 1259 2211; x_wconf 82' lang='grc'>16-17</span> <span class='ocrx_word' id='word_1_262' title='bbox 1285 2177 1435 2211; x_wconf 88' lang='lat' dir='ltr'><strong>tantum</strong></span> 
     </span>
     <span class='ocr_line' id='line_1_35' title="bbox 139 2221 1435 2271; baseline 0.002 -15"><span class='ocrx_word' id='word_1_263' title='bbox 139 2221 309 2256; x_wconf 83' lang='lat' dir='ltr'><strong>nostram</strong></span> <span class='ocrx_word' id='word_1_264' title='bbox 333 2223 420 2265; x_wconf 84' lang='grc' dir='ltr'><strong>ΔΒ,</strong></span> <span class='ocrx_word' id='word_1_265' title='bbox 453 2231 547 2258; x_wconf 77' lang='lat' dir='ltr'><strong>corr.</strong></span> <span class='ocrx_word' id='word_1_266' title='bbox 574 2221 632 2256; x_wconf 89' lang='lat' dir='ltr'><strong>Ro</strong></span> <span class='ocrx_word' id='word_1_267' title='bbox 659 2225 691 2256; x_wconf 84' lang='lat' dir='ltr'><strong>et</strong></span> <span class='ocrx_word' id='word_1_268' title='bbox 716 2221 769 2257; x_wconf 70' lang='lat' dir='ltr'><strong>Ri</strong></span> <span class='ocrx_word' id='word_1_269' title='bbox 786 2223 798 2266; x_wconf 89' lang='grc' dir='ltr'><strong>ΙΙ</strong></span> <span class='ocrx_word' id='word_1_270' title='bbox 820 2225 862 2257; x_wconf 78' lang='grc'><strong>17</strong></span> <span class='ocrx_word' id='word_1_271' title='bbox 889 2222 1083 2258; x_wconf 88' lang='lat' dir='ltr'><strong>hominum</strong></span> <span class='ocrx_word' id='word_1_272' title='bbox 1108 2233 1176 2259; x_wconf 89' lang='lat' dir='ltr'><strong>om.</strong></span> <span class='ocrx_word' id='word_1_273' title='bbox 1201 2225 1228 2257; x_wconf 84' lang='lat' dir='ltr'>B</span> <span class='ocrx_word' id='word_1_274' title='bbox 1248 2223 1261 2269; x_wconf 76' lang='lat' dir='ltr'>ss</span> <span class='ocrx_word' id='word_1_275' title='bbox 1282 2226 1325 2258; x_wconf 88' lang='grc'><strong>18</strong></span> <span class='ocrx_word' id='word_1_276' title='bbox 1351 2222 1435 2271; x_wconf 85' lang='lat' dir='ltr'><strong>&lt;re-</strong></span> 
     </span>
     <span class='ocr_line' id='line_1_36' title="bbox 141 2267 1435 2316; baseline 0.002 -14"><span class='ocrx_word' id='word_1_277' title='bbox 141 2267 251 2314; x_wconf 81' lang='lat' dir='ltr'><strong>dire)</strong></span> <span class='ocrx_word' id='word_1_278' title='bbox 277 2268 348 2312; x_wconf 85' lang='lat' dir='ltr'><strong>Ro,</strong></span> <span class='ocrx_word' id='word_1_279' title='bbox 374 2269 438 2311; x_wconf 74' lang='lat' dir='ltr'><strong>css.</strong></span> <span class='ocrx_word' id='word_1_280' title='bbox 465 2271 556 2312; x_wconf 79' lang='lat'><em>296,</em></span> <span class='ocrx_word' id='word_1_281' title='bbox 581 2272 627 2304; x_wconf 88' lang='lat'><strong>15</strong></span> <span class='ocrx_word' id='word_1_282' title='bbox 651 2270 664 2315; x_wconf 82' lang='grc' dir='ltr'><strong>ΙΙ</strong></span> <span class='ocrx_word' id='word_1_283' title='bbox 693 2272 735 2304; x_wconf 90' lang='grc'><strong>19</strong></span> <span class='ocrx_word' id='word_1_284' title='bbox 763 2269 794 2304; x_wconf 88' lang='lat' dir='ltr'><strong>si</strong></span> <span class='ocrx_word' id='word_1_285' title='bbox 820 2280 886 2307; x_wconf 89' lang='lat' dir='ltr'><strong>om.</strong></span> <span class='ocrx_word' id='word_1_286' title='bbox 914 2273 944 2304; x_wconf 79' lang='lat' dir='ltr'>A</span> <span class='ocrx_word' id='word_1_287' title='bbox 963 2271 974 2315; x_wconf 76' lang='grc' dir='ltr'>Η</span> <span class='ocrx_word' id='word_1_288' title='bbox 993 2274 1039 2305; x_wconf 82' lang='grc'><strong>20</strong></span> <span class='ocrx_word' id='word_1_289' title='bbox 1063 2270 1165 2306; x_wconf 67' lang='lat' dir='ltr'><strong>tame</strong></span> <span class='ocrx_word' id='word_1_290' title='bbox 1190 2273 1217 2303; x_wconf 86' lang='lat' dir='ltr'>P</span> <span class='ocrx_word' id='word_1_291' title='bbox 1235 2271 1247 2316; x_wconf 80' lang='grc' dir='ltr'><strong>ΙΙ</strong></span> <span class='ocrx_word' id='word_1_292' title='bbox 1266 2274 1311 2306; x_wconf 82' lang='lat'><strong>29</strong></span> <span class='ocrx_word' id='word_1_293' title='bbox 1345 2271 1435 2305; x_wconf 89' lang='lat' dir='ltr'><strong>dum</strong></span> 
     </span>
     <span class='ocr_line' id='line_1_37' title="bbox 143 2314 1435 2363; baseline 0.005 -15"><span class='ocrx_word' id='word_1_294' title='bbox 143 2315 221 2359; x_wconf 70' lang='lat' dir='ltr'><strong>AB,</strong></span> <span class='ocrx_word' id='word_1_295' title='bbox 246 2325 338 2351; x_wconf 79' lang='lat' dir='ltr'><strong>corr.</strong></span> <span class='ocrx_word' id='word_1_296' title='bbox 362 2314 417 2351; x_wconf 79' lang='lat' dir='ltr'><strong>Gr</strong></span> <span class='ocrx_word' id='word_1_297' title='bbox 435 2317 447 2361; x_wconf 84' lang='grc' dir='ltr'><strong>ΙΙ</strong></span> <span class='ocrx_word' id='word_1_298' title='bbox 468 2326 639 2360; x_wconf 86' lang='lat' dir='ltr'><strong>quaeque</strong></span> <span class='ocrx_word' id='word_1_299' title='bbox 665 2316 754 2351; x_wconf 88' lang='lat' dir='ltr'><strong>dum</strong></span> <span class='ocrx_word' id='word_1_300' title='bbox 780 2318 856 2362; x_wconf 81' lang='lat' dir='ltr'><strong>AB,</strong></span> <span class='ocrx_word' id='word_1_301' title='bbox 883 2328 974 2354; x_wconf 79' lang='lat' dir='ltr'><strong>corr.</strong></span> <span class='ocrx_word' id='word_1_302' title='bbox 1001 2317 1072 2362; x_wconf 83' lang='lat' dir='ltr'><strong>Ro,</strong></span> <span class='ocrx_word' id='word_1_303' title='bbox 1098 2317 1244 2363; x_wconf 88' lang='lat' dir='ltr'><strong>equites</strong></span> <span class='ocrx_word' id='word_1_304' title='bbox 1269 2319 1351 2353; x_wconf 87' lang='lat' dir='ltr'><strong>tum</strong></span> <span class='ocrx_word' id='word_1_305' title='bbox 1379 2316 1435 2354; x_wconf 77' lang='lat' dir='ltr'><strong>Gr</strong></span> 
     </span>
    </p>
   </div>
  </div>
 </body>
</html>
