<?xml version="1.0" encoding="UTF-8"?>
<!DOCTYPE html PUBLIC "-//W3C//DTD XHTML 1.0 Transitional//EN"
    "http://www.w3.org/TR/xhtml1/DTD/xhtml1-transitional.dtd">
<html xmlns="http://www.w3.org/1999/xhtml" xml:lang="en" lang="en">
 <head>
  <title>
</title>
<meta http-equiv="Content-Type" content="text/html;charset=utf-8" />
  <meta name='ocr-system' content='tesseract 3.04.00' />
  <meta name='ocr-capabilities' content='ocr_page ocr_carea ocr_par ocr_line ocrx_word'/>
</head>
<body>
  <div class='ocr_page' id='page_1' title='image "./declamationesqua00quinuoft_0316.png"; bbox 0 0 1604 2488; ppageno 0'>
   <div class='ocr_carea' id='block_1_1' title="bbox 227 103 1005 147">
    <p class='ocr_par' dir='ltr' id='par_1_1' title="bbox 227 103 1005 147">
     <span class='ocr_line' id='line_1_1' title="bbox 227 103 1005 147; baseline -0.005 -2"><span class='ocrx_word' id='word_1_1' title='bbox 227 103 314 145; x_wconf 83' lang='grc'>280</span> <span class='ocrx_word' id='word_1_2' title='bbox 707 103 1005 147; x_wconf 84' lang='lat' dir='ltr'><strong>QUINTILIANI</strong></span> 
     </span>
    </p>
   </div>
   <div class='ocr_carea' id='block_1_2' title="bbox 159 210 1486 774">
    <p class='ocr_par' dir='ltr' id='par_1_2' title="bbox 159 210 1486 774">
     <span class='ocr_line' id='line_1_2' title="bbox 227 210 1484 268; baseline 0.004 -17"><span class='ocrx_word' id='word_1_3' title='bbox 227 223 341 251; x_wconf 89' lang='lat' dir='ltr'>mam</span> <span class='ocrx_word' id='word_1_4' title='bbox 370 223 596 264; x_wconf 81' lang='lat' dir='ltr'>personam</span> <span class='ocrx_word' id='word_1_5' title='bbox 627 213 795 265; x_wconf 88' lang='lat' dir='ltr'>oportet</span> <span class='ocrx_word' id='word_1_6' title='bbox 825 225 916 253; x_wconf 87' lang='lat' dir='ltr'>esse</span> <span class='ocrx_word' id='word_1_7' title='bbox 946 210 1128 254; x_wconf 83' lang='lat' dir='ltr'>feminae</span> <span class='ocrx_word' id='word_1_8' title='bbox 1152 214 1206 266; x_wconf 87' lang='lat' dir='ltr'>et,</span> <span class='ocrx_word' id='word_1_9' title='bbox 1235 213 1273 255; x_wconf 86' lang='lat' dir='ltr'>si</span> <span class='ocrx_word' id='word_1_10' title='bbox 1304 212 1405 268; x_wconf 90' lang='lat' dir='ltr'>quid</span> <span class='ocrx_word' id='word_1_11' title='bbox 1429 213 1484 256; x_wconf 83' lang='lat' dir='ltr'>ad</span> 
     </span>
     <span class='ocr_line' id='line_1_3' title="bbox 226 267 1483 325; baseline 0.004 -17"><span class='ocrx_word' id='word_1_12' title='bbox 226 267 337 310; x_wconf 85' lang='lat' dir='ltr'>hanc</span> <span class='ocrx_word' id='word_1_13' title='bbox 377 268 668 310; x_wconf 82' lang='lat' dir='ltr'>infirmitatem</span> <span class='ocrx_word' id='word_1_14' title='bbox 705 268 815 311; x_wconf 86' lang='lat' dir='ltr'>adici</span> <span class='ocrx_word' id='word_1_15' title='bbox 851 270 1010 324; x_wconf 87' lang='lat' dir='ltr'>potest,</span> <span class='ocrx_word' id='word_1_16' title='bbox 1051 270 1251 325; x_wconf 87' lang='lat' dir='ltr'>pauperis</span> <span class='ocrx_word' id='word_1_17' title='bbox 1285 270 1483 314; x_wconf 82' lang='lat' dir='ltr'>feminae.</span> 
     </span>
     <span class='ocr_line' id='line_1_4' title="bbox 228 325 1483 383; baseline 0.005 -17"><span class='ocrx_word' id='word_1_18' title='bbox 228 325 377 367; x_wconf 80' lang='lat' dir='ltr'><strong>adsum</strong></span> <span class='ocrx_word' id='word_1_19' title='bbox 411 326 511 368; x_wconf 84' lang='lat' dir='ltr'>huic</span> <span class='ocrx_word' id='word_1_20' title='bbox 547 325 741 369; x_wconf 84' lang='lat' dir='ltr'>feminae.</span> <span class='ocrx_word' id='word_1_21' title='bbox 802 326 915 368; x_wconf 86' lang='lat' dir='ltr'>Duxi</span> <span class='ocrx_word' id='word_1_22' title='bbox 953 341 1003 369; x_wconf 85' lang='lat' dir='ltr'>ex</span> <span class='ocrx_word' id='word_1_23' title='bbox 1037 333 1112 370; x_wconf 87' lang='lat' dir='ltr'>tua</span> <span class='ocrx_word' id='word_1_24' title='bbox 1147 341 1330 382; x_wconf 84' lang='lat' dir='ltr'>persona</span> <span class='ocrx_word' id='word_1_25' title='bbox 1359 341 1483 383; x_wconf 83' lang='lat' dir='ltr'>argu-</span> 
     </span>
     <span class='ocr_line' id='line_1_5' title="bbox 227 383 1483 438; baseline 0.004 -14"><span class='ocrx_word' id='word_1_26' title='bbox 227 385 430 438; x_wconf 83' lang='lat' dir='ltr'>mentum,</span> <span class='ocrx_word' id='word_1_27' title='bbox 461 383 610 426; x_wconf 89' lang='lat' dir='ltr'>ducere</span> <span class='ocrx_word' id='word_1_28' title='bbox 642 399 692 426; x_wconf 86' lang='lat' dir='ltr'>ex</span> <span class='ocrx_word' id='word_1_29' title='bbox 716 387 864 426; x_wconf 88' lang='lat' dir='ltr'>nostra</span> <span class='ocrx_word' id='word_1_30' title='bbox 886 385 995 427; x_wconf 90' lang='lat' dir='ltr'>volo.</span> <span class='ocrx_word' id='word_1_31' title='bbox 1039 385 1132 428; x_wconf 85' lang='lat' dir='ltr'>dico</span> <span class='ocrx_word' id='word_1_32' title='bbox 1156 386 1269 428; x_wconf 83' lang='lat' dir='ltr'>hunc</span> <span class='ocrx_word' id='word_1_33' title='bbox 1294 387 1483 429; x_wconf 86' lang='lat' dir='ltr'>animum</span> 
     </span>
     <span class='ocr_line' id='line_1_6' title="bbox 182 441 1483 496; baseline 0.002 -13"><span class='ocrx_word' id='word_1_34' title='bbox 182 450 203 483; x_wconf 74' lang='lat'><strong>5</strong></span> <span class='ocrx_word' id='word_1_35' title='bbox 227 441 359 483; x_wconf 86' lang='lat' dir='ltr'>fuisse</span> <span class='ocrx_word' id='word_1_36' title='bbox 391 441 549 496; x_wconf 84' lang='lat' dir='ltr'>divitis,</span> <span class='ocrx_word' id='word_1_37' title='bbox 579 444 627 484; x_wconf 91' lang='lat' dir='ltr'>ut</span> <span class='ocrx_word' id='word_1_38' title='bbox 657 442 767 484; x_wconf 85' lang='lat' dir='ltr'>hanc</span> <span class='ocrx_word' id='word_1_39' title='bbox 797 442 957 486; x_wconf 83' lang='lat' dir='ltr'>faceret</span> <span class='ocrx_word' id='word_1_40' title='bbox 986 443 1195 487; x_wconf 87' lang='lat' dir='ltr'>heredem.</span> <span class='ocrx_word' id='word_1_41' title='bbox 1243 444 1360 487; x_wconf 83' lang='lat' dir='ltr'>cuius</span> <span class='ocrx_word' id='word_1_42' title='bbox 1383 444 1483 486; x_wconf 88' lang='lat' dir='ltr'>fidei</span> 
     </span>
     <span class='ocr_line' id='line_1_7' title="bbox 228 499 1484 557; baseline 0.002 -17"><span class='ocrx_word' id='word_1_43' title='bbox 228 499 486 541; x_wconf 76' lang='lat' dir='ltr'>committit?</span> <span class='ocrx_word' id='word_1_44' title='bbox 517 500 718 542; x_wconf 87' lang='lat' dir='ltr'>maritum</span> <span class='ocrx_word' id='word_1_45' title='bbox 750 501 921 555; x_wconf 86' lang='lat' dir='ltr'>scripsit</span> <span class='ocrx_word' id='word_1_46' title='bbox 949 501 1157 543; x_wconf 83' lang='lat' dir='ltr'>heredem.</span> <span class='ocrx_word' id='word_1_47' title='bbox 1211 514 1313 557; x_wconf 82' lang='lat' dir='ltr'>ergo</span> <span class='ocrx_word' id='word_1_48' title='bbox 1345 502 1382 544; x_wconf 83' lang='lat' dir='ltr'>si</span> <span class='ocrx_word' id='word_1_49' title='bbox 1410 515 1484 544; x_wconf 88' lang='lat' dir='ltr'>ne-</span> 
     </span>
     <span class='ocr_line' id='line_1_8' title="bbox 229 557 1485 615; baseline 0.003 -17"><span class='ocrx_word' id='word_1_50' title='bbox 229 571 310 611; x_wconf 90' lang='lat' dir='ltr'>que</span> <span class='ocrx_word' id='word_1_51' title='bbox 346 557 529 599; x_wconf 83' lang='lat' dir='ltr'>inveniri</span> <span class='ocrx_word' id='word_1_52' title='bbox 564 572 745 612; x_wconf 88' lang='lat' dir='ltr'>persona</span> <span class='ocrx_word' id='word_1_53' title='bbox 780 558 989 601; x_wconf 86' lang='lat' dir='ltr'>infirmior</span> <span class='ocrx_word' id='word_1_54' title='bbox 1018 561 1162 613; x_wconf 87' lang='lat' dir='ltr'>potest</span> <span class='ocrx_word' id='word_1_55' title='bbox 1192 560 1340 614; x_wconf 88' lang='lat' dir='ltr'>altera,</span> <span class='ocrx_word' id='word_1_56' title='bbox 1377 573 1485 615; x_wconf 83' lang='lat' dir='ltr'>quae</span> 
     </span>
     <span class='ocr_line' id='line_1_9' title="bbox 226 614 1486 671; baseline 0.002 -15"><span class='ocrx_word' id='word_1_57' title='bbox 226 614 309 656; x_wconf 90' lang='lat' dir='ltr'>tibi</span> <span class='ocrx_word' id='word_1_58' title='bbox 339 616 584 670; x_wconf 75' lang='lat' dir='ltr'><strong>subiciatur,</strong></span> <span class='ocrx_word' id='word_1_59' title='bbox 616 630 741 670; x_wconf 90' lang='lat' dir='ltr'>quam</span> <span class='ocrx_word' id='word_1_60' title='bbox 771 616 894 671; x_wconf 87' lang='lat' dir='ltr'>haec3</span> <span class='ocrx_word' id='word_1_61' title='bbox 931 631 1067 671; x_wconf 87' lang='lat' dir='ltr'>neque</span> <span class='ocrx_word' id='word_1_62' title='bbox 1097 617 1347 661; x_wconf 78' lang='lat' dir='ltr'><strong>familiarior</strong></span> <span class='ocrx_word' id='word_1_63' title='bbox 1375 617 1486 670; x_wconf 81' lang='lat' dir='ltr'>huic,</span> 
     </span>
     <span class='ocr_line' id='line_1_10' title="bbox 229 674 1486 730; baseline 0.002 -16"><span class='ocrx_word' id='word_1_64' title='bbox 229 685 356 727; x_wconf 84' lang='lat' dir='ltr'>quam</span> <span class='ocrx_word' id='word_1_65' title='bbox 385 675 477 715; x_wconf 88' lang='lat' dir='ltr'>tua:</span> <span class='ocrx_word' id='word_1_66' title='bbox 519 674 720 716; x_wconf 85' lang='lat' dir='ltr'>credibile</span> <span class='ocrx_word' id='word_1_67' title='bbox 751 677 837 729; x_wconf 71' lang='lat' dir='ltr'>est„</span> <span class='ocrx_word' id='word_1_68' title='bbox 874 675 1029 717; x_wconf 87' lang='lat' dir='ltr'>idcirco</span> <span class='ocrx_word' id='word_1_69' title='bbox 1064 675 1122 717; x_wconf 88' lang='lat' dir='ltr'>sie</span> <span class='ocrx_word' id='word_1_70' title='bbox 1153 676 1358 730; x_wconf 88' lang='lat' dir='ltr'>scriptum</span> <span class='ocrx_word' id='word_1_71' title='bbox 1394 689 1486 718; x_wconf 86' lang='lat' dir='ltr'>esse</span> 
     </span>
     <span class='ocr_line' id='line_1_11' title="bbox 159 731 543 774; baseline 0.005 -3"><span class='ocrx_word' id='word_1_72' title='bbox 159 741 202 772; x_wconf 87' lang='lat'>10</span> <span class='ocrx_word' id='word_1_73' title='bbox 225 731 543 774; x_wconf 84' lang='lat' dir='ltr'>testamentum.</span> 
     </span>
    </p>
   </div>
   <div class='ocr_carea' id='block_1_3' title="bbox 715 800 998 856">
    <p class='ocr_par' dir='ltr' id='par_1_3' title="bbox 715 800 998 856">
     <span class='ocr_line' id='line_1_12' title="bbox 715 800 998 856; baseline -0.007 -12"><span class='ocrx_word' id='word_1_74' title='bbox 715 800 998 856; x_wconf 80' lang='lat' dir='ltr'>&lt;SERMO.&gt;</span> 
     </span>
    </p>
   </div>
   <div class='ocr_carea' id='block_1_4' title="bbox 226 881 1487 982">
    <p class='ocr_par' dir='ltr' id='par_1_4' title="bbox 226 881 1487 982">
     <span class='ocr_line' id='line_1_13' title="bbox 300 881 1487 980; baseline 0.002 -57"><span class='ocrx_word' id='word_1_75' title='bbox 300 881 532 980; x_wconf 79' lang='lat' dir='ltr'>dQuaedam</span> <span class='ocrx_word' id='word_1_76' title='bbox 570 885 822 937; x_wconf 84' lang='lat' dir='ltr'>argumenta</span> <span class='ocrx_word' id='word_1_77' title='bbox 859 883 987 924; x_wconf 87' lang='lat' dir='ltr'>etiam</span> <span class='ocrx_word' id='word_1_78' title='bbox 1027 898 1076 926; x_wconf 88' lang='lat' dir='ltr'>ex</span> <span class='ocrx_word' id='word_1_79' title='bbox 1107 881 1385 926; x_wconf 76' lang='lat' dir='ltr'><strong>incommodis</strong></span> <span class='ocrx_word' id='word_1_80' title='bbox 1415 897 1487 938; x_wconf 91' lang='lat' dir='ltr'>pe-</span> 
     </span>
     <span class='ocr_line' id='line_1_14' title="bbox 226 941 496 982; baseline -0.004 -1"><span class='ocrx_word' id='word_1_81' title='bbox 226 941 297 981; x_wconf 88' lang='lat' dir='ltr'>ten</span> <span class='ocrx_word' id='word_1_82' title='bbox 329 954 353 981; x_wconf 91' lang='lat' dir='ltr'>a</span> <span class='ocrx_word' id='word_1_83' title='bbox 385 943 496 982; x_wconf 85' lang='lat' dir='ltr'>sunt.</span> 
     </span>
    </p>
   </div>
   <div class='ocr_carea' id='block_1_5' title="bbox 606 1007 1104 1063">
    <p class='ocr_par' dir='ltr' id='par_1_5' title="bbox 606 1007 1104 1063">
     <span class='ocr_line' id='line_1_15' title="bbox 606 1007 1104 1063; baseline 0.002 -13"><span class='ocrx_word' id='word_1_84' title='bbox 606 1007 1104 1063; x_wconf 75' lang='lat' dir='ltr'>&lt;DECLAMAT1Q&gt;</span> 
     </span>
    </p>
   </div>
   <div class='ocr_carea' id='block_1_6' title="bbox 154 1088 1488 1897">
    <p class='ocr_par' dir='ltr' id='par_1_6' title="bbox 159 1088 1488 1376">
     <span class='ocr_line' id='line_1_16' title="bbox 159 1088 1486 1146; baseline 0.002 -16"><span class='ocrx_word' id='word_1_85' title='bbox 159 1099 200 1130; x_wconf 84' lang='lat'>15</span> <span class='ocrx_word' id='word_1_86' title='bbox 314 1088 461 1130; x_wconf 87' lang='lat' dir='ltr'>Fuerit</span> <span class='ocrx_word' id='word_1_87' title='bbox 490 1102 660 1132; x_wconf 86' lang='lat' dir='ltr'>necesse</span> <span class='ocrx_word' id='word_1_88' title='bbox 691 1092 757 1131; x_wconf 87' lang='lat' dir='ltr'>est</span> <span class='ocrx_word' id='word_1_89' title='bbox 779 1089 891 1131; x_wconf 89' lang='lat' dir='ltr'>ratio</span> <span class='ocrx_word' id='word_1_90' title='bbox 917 1089 1061 1144; x_wconf 89' lang='lat' dir='ltr'>aliqua</span> <span class='ocrx_word' id='word_1_91' title='bbox 1080 1092 1122 1131; x_wconf 93' lang='lat' dir='ltr'>et</span> <span class='ocrx_word' id='word_1_92' title='bbox 1141 1103 1279 1145; x_wconf 84' lang='lat' dir='ltr'>causa,</span> <span class='ocrx_word' id='word_1_93' title='bbox 1309 1093 1486 1146; x_wconf 81' lang='lat' dir='ltr'>propter</span> 
     </span>
     <span class='ocr_line' id='line_1_17' title="bbox 226 1146 1488 1202; baseline 0.002 -15"><span class='ocrx_word' id='word_1_94' title='bbox 226 1161 355 1201; x_wconf 87' lang='lat' dir='ltr'>quam</span> <span class='ocrx_word' id='word_1_95' title='bbox 386 1146 503 1188; x_wconf 87' lang='lat' dir='ltr'>dives</span> <span class='ocrx_word' id='word_1_96' title='bbox 533 1162 621 1188; x_wconf 86' lang='lat' dir='ltr'>non</span> <span class='ocrx_word' id='word_1_97' title='bbox 650 1147 802 1201; x_wconf 84' lang='lat' dir='ltr'><strong>ipsam,</strong></span> <span class='ocrx_word' id='word_1_98' title='bbox 834 1147 886 1188; x_wconf 90' lang='lat' dir='ltr'>ad</span> <span class='ocrx_word' id='word_1_99' title='bbox 915 1162 1041 1200; x_wconf 91' lang='lat' dir='ltr'>quam</span> <span class='ocrx_word' id='word_1_100' title='bbox 1066 1148 1288 1202; x_wconf 88' lang='lat' dir='ltr'>pervenire</span> <span class='ocrx_word' id='word_1_101' title='bbox 1312 1148 1488 1190; x_wconf 84' lang='lat' dir='ltr'>volebat</span> 
     </span>
     <span class='ocr_line' id='line_1_18' title="bbox 223 1204 1487 1260; baseline 0.002 -15"><span class='ocrx_word' id='word_1_102' title='bbox 223 1204 519 1258; x_wconf 72' lang='lat' dir='ltr'>hereditatem,</span> <span class='ocrx_word' id='word_1_103' title='bbox 562 1205 731 1258; x_wconf 88' lang='lat' dir='ltr'>scripsit</span> <span class='ocrx_word' id='word_1_104' title='bbox 779 1205 989 1247; x_wconf 88' lang='lat' dir='ltr'>heredem.</span> <span class='ocrx_word' id='word_1_105' title='bbox 1051 1205 1267 1247; x_wconf 89' lang='lat' dir='ltr'>obstiterit</span> <span class='ocrx_word' id='word_1_106' title='bbox 1316 1207 1487 1260; x_wconf 86' lang='lat' dir='ltr'>oportet</span> 
     </span>
     <span class='ocr_line' id='line_1_19' title="bbox 225 1262 1487 1318; baseline 0.002 -15"><span class='ocrx_word' id='word_1_107' title='bbox 225 1262 361 1317; x_wconf 90' lang='lat' dir='ltr'>pudor</span> <span class='ocrx_word' id='word_1_108' title='bbox 390 1276 478 1303; x_wconf 85' lang='lat' dir='ltr'>non</span> <span class='ocrx_word' id='word_1_109' title='bbox 508 1262 580 1303; x_wconf 89' lang='lat' dir='ltr'>ille</span> <span class='ocrx_word' id='word_1_110' title='bbox 603 1262 892 1315; x_wconf 73' lang='lat' dir='ltr'>praetereundi</span> <span class='ocrx_word' id='word_1_111' title='bbox 922 1263 1105 1316; x_wconf 87' lang='lat' dir='ltr'>aliquem</span> <span class='ocrx_word' id='word_1_112' title='bbox 1131 1263 1487 1318; x_wconf 82' lang='lat' dir='ltr'>propinquorum:</span> 
     </span>
     <span class='ocr_line' id='line_1_20' title="bbox 224 1319 1488 1376; baseline 0.002 -15"><span class='ocrx_word' id='word_1_113' title='bbox 224 1319 447 1374; x_wconf 85' lang='lat' dir='ltr'>praeteriit</span> <span class='ocrx_word' id='word_1_114' title='bbox 484 1320 616 1374; x_wconf 83' lang='lat' dir='ltr'>enim3</span> <span class='ocrx_word' id='word_1_115' title='bbox 654 1335 742 1362; x_wconf 90' lang='lat' dir='ltr'>non</span> <span class='ocrx_word' id='word_1_116' title='bbox 777 1321 851 1362; x_wconf 92' lang='lat' dir='ltr'>ille</span> <span class='ocrx_word' id='word_1_117' title='bbox 890 1320 1099 1362; x_wconf 87' lang='lat' dir='ltr'>scribendi</span> <span class='ocrx_word' id='word_1_118' title='bbox 1136 1321 1319 1376; x_wconf 85' lang='lat' dir='ltr'>aliquem</span> <span class='ocrx_word' id='word_1_119' title='bbox 1352 1323 1488 1363; x_wconf 83' lang='lat' dir='ltr'>extra-</span> 
     </span>
    </p>

    <p class='ocr_par' dir='ltr' id='par_1_7' title="bbox 155 1378 1487 1665">
     <span class='ocr_line' id='line_1_21' title="bbox 155 1378 1487 1433; baseline 0.002 -14"><span class='ocrx_word' id='word_1_120' title='bbox 155 1388 201 1420; x_wconf 76' lang='lat'>20</span> <span class='ocrx_word' id='word_1_121' title='bbox 224 1378 336 1420; x_wconf 91' lang='lat' dir='ltr'>rium</span> <span class='ocrx_word' id='word_1_122' title='bbox 378 1378 594 1420; x_wconf 87' lang='lat' dir='ltr'>heredem:</span> <span class='ocrx_word' id='word_1_123' title='bbox 638 1379 809 1432; x_wconf 74' lang='lat' dir='ltr'>scripsit</span> <span class='ocrx_word' id='word_1_124' title='bbox 852 1378 963 1419; x_wconf 83' lang='lat' dir='ltr'>enim</span> <span class='ocrx_word' id='word_1_125' title='bbox 1006 1379 1254 1433; x_wconf 80' lang='lat' dir='ltr'>extrarium3</span> <span class='ocrx_word' id='word_1_126' title='bbox 1297 1393 1385 1421; x_wconf 89' lang='lat' dir='ltr'>non</span> <span class='ocrx_word' id='word_1_127' title='bbox 1414 1379 1487 1421; x_wconf 90' lang='lat' dir='ltr'>ille</span> 
     </span>
     <span class='ocr_line' id='line_1_22' title="bbox 225 1435 1487 1490; baseline 0 -12"><span class='ocrx_word' id='word_1_128' title='bbox 225 1436 340 1478; x_wconf 88' lang='lat' dir='ltr'>bona</span> <span class='ocrx_word' id='word_1_129' title='bbox 377 1450 453 1478; x_wconf 86' lang='lat' dir='ltr'>sua</span> <span class='ocrx_word' id='word_1_130' title='bbox 483 1436 528 1477; x_wconf 89' lang='lat' dir='ltr'>in</span> <span class='ocrx_word' id='word_1_131' title='bbox 561 1436 746 1490; x_wconf 82' lang='lat' dir='ltr'>aliquem</span> <span class='ocrx_word' id='word_1_132' title='bbox 777 1435 982 1478; x_wconf 90' lang='lat' dir='ltr'>humilem</span> <span class='ocrx_word' id='word_1_133' title='bbox 1013 1436 1278 1479; x_wconf 83' lang='lat' dir='ltr'>demittendi:</span> <span class='ocrx_word' id='word_1_134' title='bbox 1315 1436 1487 1478; x_wconf 90' lang='lat' dir='ltr'>demisit</span> 
     </span>
     <span class='ocr_line' id='line_1_23' title="bbox 226 1494 1486 1550; baseline 0.002 -15"><span class='ocrx_word' id='word_1_135' title='bbox 226 1494 350 1535; x_wconf 88' lang='lat' dir='ltr'>enim.</span> <span class='ocrx_word' id='word_1_136' title='bbox 418 1494 635 1536; x_wconf 86' lang='lat' dir='ltr'>obstiterit</span> <span class='ocrx_word' id='word_1_137' title='bbox 670 1496 840 1548; x_wconf 89' lang='lat' dir='ltr'>oportet</span> <span class='ocrx_word' id='word_1_138' title='bbox 876 1494 1129 1536; x_wconf 86' lang='lat' dir='ltr'>familiarior</span> <span class='ocrx_word' id='word_1_139' title='bbox 1166 1495 1310 1550; x_wconf 89' lang='lat' dir='ltr'>aliqua</span> <span class='ocrx_word' id='word_1_140' title='bbox 1341 1508 1486 1537; x_wconf 77' lang='lat' dir='ltr'>causat</span> 
     </span>
     <span class='ocr_line' id='line_1_24' title="bbox 224 1552 1486 1606; baseline 0.002 -13"><span class='ocrx_word' id='word_1_141' title='bbox 224 1565 309 1593; x_wconf 85' lang='lat' dir='ltr'>non</span> <span class='ocrx_word' id='word_1_142' title='bbox 350 1554 521 1606; x_wconf 89' lang='lat' dir='ltr'>poterat</span> <span class='ocrx_word' id='word_1_143' title='bbox 558 1552 676 1594; x_wconf 87' lang='lat' dir='ltr'>salvo</span> <span class='ocrx_word' id='word_1_144' title='bbox 713 1552 872 1606; x_wconf 89' lang='lat' dir='ltr'>pudore</span> <span class='ocrx_word' id='word_1_145' title='bbox 908 1552 1019 1594; x_wconf 87' lang='lat' dir='ltr'>hanc</span> <span class='ocrx_word' id='word_1_146' title='bbox 1057 1553 1239 1595; x_wconf 86' lang='lat' dir='ltr'>scribere</span> <span class='ocrx_word' id='word_1_147' title='bbox 1275 1552 1486 1595; x_wconf 88' lang='lat' dir='ltr'>heredem.</span> 
     </span>
     <span class='ocr_line' id='line_1_25' title="bbox 224 1610 1487 1665; baseline 0.001 -14"><span class='ocrx_word' id='word_1_148' title='bbox 224 1612 376 1664; x_wconf 86' lang='lat' dir='ltr'>postea</span> <span class='ocrx_word' id='word_1_149' title='bbox 407 1610 531 1652; x_wconf 84' lang='lat' dir='ltr'>vobis</span> <span class='ocrx_word' id='word_1_150' title='bbox 562 1623 734 1652; x_wconf 87' lang='lat' dir='ltr'>causam</span> <span class='ocrx_word' id='word_1_151' title='bbox 764 1610 1040 1652; x_wconf 87' lang='lat' dir='ltr'>verecundiae</span> <span class='ocrx_word' id='word_1_152' title='bbox 1071 1610 1196 1652; x_wconf 92' lang='lat' dir='ltr'>huius</span> <span class='ocrx_word' id='word_1_153' title='bbox 1229 1610 1487 1665; x_wconf 84' lang='lat' dir='ltr'>adprobabo,</span> 
     </span>
    </p>

    <p class='ocr_par' dir='ltr' id='par_1_8' title="bbox 154 1667 1487 1825">
     <span class='ocr_line' id='line_1_26' title="bbox 154 1667 1486 1723; baseline 0.001 -14"><span class='ocrx_word' id='word_1_154' title='bbox 154 1677 199 1709; x_wconf 75' lang='lat'>25</span> <span class='ocrx_word' id='word_1_155' title='bbox 223 1669 376 1721; x_wconf 86' lang='lat' dir='ltr'>postea</span> <span class='ocrx_word' id='word_1_156' title='bbox 418 1667 642 1708; x_wconf 75' lang='lat' dir='ltr'>scribentis</span> <span class='ocrx_word' id='word_1_157' title='bbox 696 1668 903 1709; x_wconf 85' lang='lat' dir='ltr'>animum:</span> <span class='ocrx_word' id='word_1_158' title='bbox 951 1668 1141 1722; x_wconf 84' lang='lat' dir='ltr'>interim,</span> <span class='ocrx_word' id='word_1_159' title='bbox 1187 1668 1272 1709; x_wconf 87' lang='lat' dir='ltr'>fuit</span> <span class='ocrx_word' id='word_1_160' title='bbox 1314 1667 1486 1723; x_wconf 87' lang='lat' dir='ltr'>aliquid,</span> 
     </span>
     <span class='ocr_line' id='line_1_27' title="bbox 226 1725 1487 1780; baseline 0.001 -14"><span class='ocrx_word' id='word_1_161' title='bbox 226 1725 338 1780; x_wconf 88' lang='lat' dir='ltr'>quod</span> <span class='ocrx_word' id='word_1_162' title='bbox 369 1725 558 1767; x_wconf 89' lang='lat' dir='ltr'>obstaret</span> <span class='ocrx_word' id='word_1_163' title='bbox 588 1725 723 1780; x_wconf 83' lang='lat' dir='ltr'>diviti,</span> <span class='ocrx_word' id='word_1_164' title='bbox 754 1740 836 1780; x_wconf 92' lang='lat' dir='ltr'>quo</span> <span class='ocrx_word' id='word_1_165' title='bbox 868 1725 1007 1767; x_wconf 90' lang='lat' dir='ltr'>minus</span> <span class='ocrx_word' id='word_1_166' title='bbox 1038 1725 1149 1767; x_wconf 86' lang='lat' dir='ltr'>hanc</span> <span class='ocrx_word' id='word_1_167' title='bbox 1180 1726 1384 1767; x_wconf 82' lang='lat' dir='ltr'>scriberet</span> <span class='ocrx_word' id='word_1_168' title='bbox 1413 1725 1487 1767; x_wconf 89' lang='lat' dir='ltr'>he-</span> 
     </span>
     <span class='ocr_line' id='line_1_28' title="bbox 223 1782 381 1825; baseline 0.006 -1"><span class='ocrx_word' id='word_1_169' title='bbox 223 1782 381 1825; x_wconf 89' lang='lat' dir='ltr'>redem.</span> 
     </span>
    </p>

    <p class='ocr_par' dir='ltr' id='par_1_9' title="bbox 318 1838 1486 1897">
     <span class='ocr_line' id='line_1_29' title="bbox 318 1838 1486 1897; baseline -0.001 -14"><span class='ocrx_word' id='word_1_170' title='bbox 318 1840 436 1897; x_wconf 80' lang='lat' dir='ltr'>„Quo</span> <span class='ocrx_word' id='word_1_171' title='bbox 468 1842 638 1895; x_wconf 85' lang='lat' dir='ltr'>merito,</span> <span class='ocrx_word' id='word_1_172' title='bbox 669 1841 819 1895; x_wconf 89' lang='lat' dir='ltr'>inquit,</span> <span class='ocrx_word' id='word_1_173' title='bbox 849 1842 923 1882; x_wconf 88' lang='lat' dir='ltr'>tuo</span> <span class='ocrx_word' id='word_1_174' title='bbox 955 1844 998 1882; x_wconf 91' lang='lat' dir='ltr'>te</span> <span class='ocrx_word' id='word_1_175' title='bbox 1030 1841 1201 1895; x_wconf 74' lang='lat' dir='ltr'>scripsit</span> <span class='ocrx_word' id='word_1_176' title='bbox 1230 1838 1486 1882; x_wconf 83' lang='lat' dir='ltr'>heredem‘?“</span> 
     </span>
    </p>
   </div>
   <div class='ocr_carea' id='block_1_7' title="bbox 225 1954 1486 2196">
    <p class='ocr_par' dir='ltr' id='par_1_10' title="bbox 225 1954 1486 2196">
     <span class='ocr_line' id='line_1_30' title="bbox 323 1954 1486 2002; baseline -0.002 -13"><span class='ocrx_word' id='word_1_177' title='bbox 323 1959 340 1989; x_wconf 93' lang='lat'>1</span> <span class='ocrx_word' id='word_1_178' title='bbox 369 1965 448 1990; x_wconf 90' lang='lat' dir='ltr'>esse</span> <span class='ocrx_word' id='word_1_179' title='bbox 474 1956 620 2000; x_wconf 84' lang='lat' dir='ltr'>oportet</span> <span class='ocrx_word' id='word_1_180' title='bbox 643 1957 687 1998; x_wconf 71' lang='lat'>33</span> <span class='ocrx_word' id='word_1_181' title='bbox 726 1966 783 1999; x_wconf 91' lang='lat' dir='ltr'>op.</span> <span class='ocrx_word' id='word_1_182' title='bbox 810 1965 891 1990; x_wconf 89' lang='lat' dir='ltr'>esse</span> <span class='ocrx_word' id='word_1_183' title='bbox 914 1954 1006 2002; x_wconf 81' lang='lat' dir='ltr'>(et)</span> <span class='ocrx_word' id='word_1_184' title='bbox 1030 1955 1115 1990; x_wconf 80' lang='lat' dir='ltr'>fem.</span> <span class='ocrx_word' id='word_1_185' title='bbox 1141 1955 1179 1990; x_wconf 88' lang='lat' dir='ltr'>et</span> <span class='ocrx_word' id='word_1_186' title='bbox 1202 1954 1260 1990; x_wconf 83' lang='lat' dir='ltr'>Ro</span> <span class='ocrx_word' id='word_1_187' title='bbox 1289 1955 1301 2000; x_wconf 81' lang='grc' dir='ltr'>ΙΙ</span> <span class='ocrx_word' id='word_1_188' title='bbox 1331 1957 1352 1989; x_wconf 78' lang='lat'>2</span> <span class='ocrx_word' id='word_1_189' title='bbox 1378 1954 1408 2001; x_wconf 74' lang='lat' dir='ltr'>(J</span> <span class='ocrx_word' id='word_1_190' title='bbox 1432 1955 1486 1999; x_wconf 76' lang='grc' dir='ltr'>ΔΗ</span> 
     </span>
     <span class='ocr_line' id='line_1_31' title="bbox 225 2011 1483 2065; baseline -0.002 -17"><span class='ocrx_word' id='word_1_191' title='bbox 225 2022 367 2057; x_wconf 76' lang='lat' dir='ltr'>pauper</span> <span class='ocrx_word' id='word_1_192' title='bbox 390 2015 436 2057; x_wconf 85' lang='grc' dir='ltr'>Δ,</span> <span class='ocrx_word' id='word_1_193' title='bbox 472 2012 627 2058; x_wconf 88' lang='lat' dir='ltr'>pauperi</span> <span class='ocrx_word' id='word_1_194' title='bbox 650 2015 677 2046; x_wconf 85' lang='lat' dir='ltr'>B</span> <span class='ocrx_word' id='word_1_195' title='bbox 708 2013 720 2057; x_wconf 81' lang='grc' dir='ltr'>ΙΙ</span> <span class='ocrx_word' id='word_1_196' title='bbox 751 2017 771 2047; x_wconf 84' lang='grc'><strong>6</strong></span> <span class='ocrx_word' id='word_1_197' title='bbox 797 2012 874 2048; x_wconf 87' lang='lat' dir='ltr'>sine</span> <span class='ocrx_word' id='word_1_198' title='bbox 904 2013 932 2060; x_wconf 66' lang='grc' dir='ltr'>,ᾇ</span> <span class='ocrx_word' id='word_1_199' title='bbox 956 2015 982 2046; x_wconf 85' lang='grc' dir='ltr'><strong><em>Β</em></strong></span> <span class='ocrx_word' id='word_1_200' title='bbox 1015 2014 1027 2057; x_wconf 82' lang='grc' dir='ltr'>ΙΙ</span> <span class='ocrx_word' id='word_1_201' title='bbox 1062 2017 1082 2047; x_wconf 87' lang='grc'><strong>9</strong></span> <span class='ocrx_word' id='word_1_202' title='bbox 1116 2013 1198 2064; x_wconf 61' lang='lat' dir='ltr'>fort:</span> <span class='ocrx_word' id='word_1_203' title='bbox 1231 2011 1355 2065; x_wconf 79' lang='lat' dir='ltr'>*tu[a]</span> <span class='ocrx_word' id='word_1_204' title='bbox 1391 2013 1405 2056; x_wconf 76' lang='grc' dir='ltr'>ΙΙ</span> <span class='ocrx_word' id='word_1_205' title='bbox 1441 2016 1483 2046; x_wconf 93' lang='grc'>11</span> 
     </span>
     <span class='ocr_line' id='line_1_32' title="bbox 225 2058 1484 2106; baseline -0.002 -12"><span class='ocrx_word' id='word_1_206' title='bbox 225 2058 420 2105; x_wconf 79' lang='lat' dir='ltr'>(Sermo.)</span> <span class='ocrx_word' id='word_1_207' title='bbox 444 2062 476 2094; x_wconf 81' lang='lat' dir='ltr'>et</span> <span class='ocrx_word' id='word_1_208' title='bbox 494 2063 621 2104; x_wconf 76' lang='lat' dir='ltr'>postea</span> <span class='ocrx_word' id='word_1_209' title='bbox 647 2063 690 2094; x_wconf 84' lang='lat'>14</span> <span class='ocrx_word' id='word_1_210' title='bbox 707 2058 991 2106; x_wconf 72' lang='lat' dir='ltr'>(Declamatio)</span> <span class='ocrx_word' id='word_1_211' title='bbox 1018 2060 1068 2094; x_wconf 78' lang='lat' dir='ltr'>Pi</span> <span class='ocrx_word' id='word_1_212' title='bbox 1085 2060 1097 2103; x_wconf 85' lang='grc' dir='ltr'>ΙΙ</span> <span class='ocrx_word' id='word_1_213' title='bbox 1118 2062 1160 2094; x_wconf 82' lang='grc'><strong>16</strong></span> <span class='ocrx_word' id='word_1_214' title='bbox 1185 2069 1235 2103; x_wconf 80' lang='lat' dir='ltr'>ip.</span> <span class='ocrx_word' id='word_1_215' title='bbox 1261 2058 1424 2102; x_wconf 81' lang='lat' dir='ltr'>ahquam</span> <span class='ocrx_word' id='word_1_216' title='bbox 1447 2069 1484 2102; x_wconf 91' lang='lat' dir='ltr'>p.</span> 
     </span>
     <span class='ocr_line' id='line_1_33' title="bbox 225 2104 1484 2151; baseline 0 -13"><span class='ocrx_word' id='word_1_217' title='bbox 225 2107 252 2138; x_wconf 72' lang='lat' dir='ltr'>B</span> <span class='ocrx_word' id='word_1_218' title='bbox 271 2106 284 2149; x_wconf 74' lang='grc' dir='ltr'><strong>Η</strong></span> <span class='ocrx_word' id='word_1_219' title='bbox 304 2108 346 2139; x_wconf 85' lang='grc'><strong>18</strong></span> <span class='ocrx_word' id='word_1_220' title='bbox 371 2105 582 2150; x_wconf 85' lang='lat' dir='ltr'>reperiundi</span> <span class='ocrx_word' id='word_1_221' title='bbox 605 2108 687 2149; x_wconf 75' lang='lat' dir='ltr'>AB,</span> <span class='ocrx_word' id='word_1_222' title='bbox 725 2116 814 2141; x_wconf 76' lang='lat' dir='ltr'>corr.</span> <span class='ocrx_word' id='word_1_223' title='bbox 839 2106 915 2140; x_wconf 80' lang='lat' dir='ltr'>Aer</span> <span class='ocrx_word' id='word_1_224' title='bbox 933 2106 945 2150; x_wconf 82' lang='grc' dir='ltr'>ΙΙ</span> <span class='ocrx_word' id='word_1_225' title='bbox 965 2109 1007 2140; x_wconf 86' lang='grc'><strong>19</strong></span> <span class='ocrx_word' id='word_1_226' title='bbox 1033 2104 1231 2151; x_wconf 86' lang='lat' dir='ltr'>praeterite</span> <span class='ocrx_word' id='word_1_227' title='bbox 1249 2106 1276 2139; x_wconf 76' lang='lat' dir='ltr'>B</span> <span class='ocrx_word' id='word_1_228' title='bbox 1294 2105 1307 2148; x_wconf 83' lang='grc' dir='ltr'>ΙΙ</span> <span class='ocrx_word' id='word_1_229' title='bbox 1325 2107 1370 2138; x_wconf 83' lang='grc'>20</span> <span class='ocrx_word' id='word_1_230' title='bbox 1394 2104 1484 2139; x_wconf 80' lang='lat' dir='ltr'>*he-</span> 
     </span>
     <span class='ocr_line' id='line_1_34' title="bbox 225 2151 1484 2196; baseline -0.002 -10"><span class='ocrx_word' id='word_1_231' title='bbox 225 2151 350 2186; x_wconf 85' lang='lat' dir='ltr'>redem</span> <span class='ocrx_word' id='word_1_232' title='bbox 387 2152 486 2187; x_wconf 86' lang='lat' dir='ltr'>enim</span> <span class='ocrx_word' id='word_1_233' title='bbox 523 2151 668 2196; x_wconf 86' lang='lat' dir='ltr'>scripsit</span> <span class='ocrx_word' id='word_1_234' title='bbox 704 2151 900 2187; x_wconf 84' lang='lat' dir='ltr'>extrarium</span> <span class='ocrx_word' id='word_1_235' title='bbox 931 2154 1000 2195; x_wconf 75' lang='lat' dir='ltr'>Ab,</span> <span class='ocrx_word' id='word_1_236' title='bbox 1032 2152 1106 2187; x_wconf 88' lang='lat' dir='ltr'>her.</span> <span class='ocrx_word' id='word_1_237' title='bbox 1134 2162 1200 2186; x_wconf 86' lang='lat' dir='ltr'>sor.</span> <span class='ocrx_word' id='word_1_238' title='bbox 1227 2152 1316 2187; x_wconf 82' lang='lat' dir='ltr'>extr.</span> <span class='ocrx_word' id='word_1_239' title='bbox 1340 2152 1386 2194; x_wconf 81' lang='lat' dir='ltr'>B,</span> <span class='ocrx_word' id='word_1_240' title='bbox 1417 2160 1484 2186; x_wconf 88' lang='lat' dir='ltr'>om.</span> 
     </span>
    </p>
   </div>
   <div class='ocr_carea' id='block_1_8' title="bbox 226 2196 1484 2288">
    <p class='ocr_par' dir='ltr' id='par_1_11' title="bbox 226 2196 1484 2288">
     <span class='ocr_line' id='line_1_35' title="bbox 226 2196 1484 2279; baseline -0.001 -47"><span class='ocrx_word' id='word_1_241' title='bbox 226 2198 509 2279; x_wconf 52' lang='grc' dir='ltr'>ΔιςᾶΙιΞι-(Ξᾱθωι</span> <span class='ocrx_word' id='word_1_242' title='bbox 535 2197 762 2245; x_wconf 83' lang='lat' dir='ltr'>(heredem)</span> <span class='ocrx_word' id='word_1_243' title='bbox 787 2198 883 2233; x_wconf 89' lang='lat' dir='ltr'>enim</span> <span class='ocrx_word' id='word_1_244' title='bbox 909 2201 969 2234; x_wconf 78' lang='lat' dir='ltr'>etc.</span> <span class='ocrx_word' id='word_1_245' title='bbox 995 2197 1052 2234; x_wconf 79' lang='lat' dir='ltr'>Ro</span> <span class='ocrx_word' id='word_1_246' title='bbox 1083 2199 1094 2243; x_wconf 93' lang='grc' dir='ltr'>ΙΙ</span> <span class='ocrx_word' id='word_1_247' title='bbox 1130 2201 1175 2232; x_wconf 81' lang='lat'>24</span> <span class='ocrx_word' id='word_1_248' title='bbox 1201 2207 1312 2232; x_wconf 81' lang='lat' dir='ltr'>causa</span> <span class='ocrx_word' id='word_1_249' title='bbox 1334 2199 1364 2229; x_wconf 72' lang='lat' dir='ltr'>A</span> <span class='ocrx_word' id='word_1_250' title='bbox 1391 2196 1403 2240; x_wconf 86' lang='grc' dir='ltr'>ΙΙ</span> <span class='ocrx_word' id='word_1_251' title='bbox 1439 2199 1484 2231; x_wconf 79' lang='grc'>28</span> 
     </span>
     <span class='ocr_line' id='line_1_36' title="bbox 227 2255 299 2288; baseline 0.014 -10"><span class='ocrx_word' id='word_1_252' title='bbox 227 2255 299 2288; x_wconf 90' lang='lat' dir='ltr'>quo</span> 
     </span>
    </p>
   </div>
  </div>
 </body>
</html>
