<?xml version="1.0" encoding="UTF-8"?>
<!DOCTYPE html PUBLIC "-//W3C//DTD XHTML 1.0 Transitional//EN"
    "http://www.w3.org/TR/xhtml1/DTD/xhtml1-transitional.dtd">
<html xmlns="http://www.w3.org/1999/xhtml" xml:lang="en" lang="en">
 <head>
  <title>
</title>
<meta http-equiv="Content-Type" content="text/html;charset=utf-8" />
  <meta name='ocr-system' content='tesseract 3.04.00' />
  <meta name='ocr-capabilities' content='ocr_page ocr_carea ocr_par ocr_line ocrx_word'/>
</head>
<body>
  <div class='ocr_page' id='page_1' title='image "./declamationesqua00quinuoft_0277.png"; bbox 0 0 1604 2488; ppageno 0'>
   <div class='ocr_carea' id='block_1_1' title="bbox 452 84 1410 127">
    <p class='ocr_par' dir='ltr' id='par_1_1' title="bbox 452 84 1410 127">
     <span class='ocr_line' id='line_1_1' title="bbox 452 84 1410 127; baseline 0.007 -7"><span class='ocrx_word' id='word_1_1' title='bbox 452 85 577 122; x_wconf 88' lang='lat' dir='ltr'>DECL</span> <span class='ocrx_word' id='word_1_2' title='bbox 583 84 878 121; x_wconf 82' lang='lat' dir='ltr'>AMATIONES.</span> <span class='ocrx_word' id='word_1_3' title='bbox 907 84 1076 122; x_wconf 84' lang='lat' dir='ltr'>CCCXV.</span> <span class='ocrx_word' id='word_1_4' title='bbox 1326 84 1410 127; x_wconf 82' lang='lat'><strong>241</strong></span> 
     </span>
    </p>
   </div>
   <div class='ocr_carea' id='block_1_2' title="bbox 101 193 1415 1620">
    <p class='ocr_par' dir='ltr' id='par_1_2' title="bbox 101 193 1415 965">
     <span class='ocr_line' id='line_1_2' title="bbox 117 193 1414 252; baseline -0.002 -13"><span class='ocrx_word' id='word_1_5' title='bbox 117 196 214 252; x_wconf 86' lang='lat' dir='ltr'><strong>luit,</strong></span> <span class='ocrx_word' id='word_1_6' title='bbox 228 197 451 251; x_wconf 82' lang='lat' dir='ltr'><strong>tamquam</strong></span> <span class='ocrx_word' id='word_1_7' title='bbox 462 195 803 250; x_wconf 78' lang='lat' dir='ltr'><strong>inutilissimum,</strong></span> <span class='ocrx_word' id='word_1_8' title='bbox 813 197 1038 250; x_wconf 76' lang='lat' dir='ltr'><strong>tamquam</strong></span> <span class='ocrx_word' id='word_1_9' title='bbox 1050 193 1414 237; x_wconf 85' lang='lat' dir='ltr'><strong>inimicissimum.</strong></span> 
     </span>
     <span class='ocr_line' id='line_1_3' title="bbox 117 253 1414 311; baseline -0.002 -13"><span class='ocrx_word' id='word_1_10' title='bbox 117 269 258 311; x_wconf 85' lang='lat' dir='ltr'><strong>neque</strong></span> <span class='ocrx_word' id='word_1_11' title='bbox 284 255 398 297; x_wconf 90' lang='lat' dir='ltr'><strong>enim</strong></span> <span class='ocrx_word' id='word_1_12' title='bbox 423 269 609 310; x_wconf 88' lang='lat' dir='ltr'><strong>poenam</strong></span> <span class='ocrx_word' id='word_1_13' title='bbox 631 254 744 296; x_wconf 84' lang='lat' dir='ltr'><strong>hanc</strong></span> <span class='ocrx_word' id='word_1_14' title='bbox 769 254 862 297; x_wconf 85' lang='lat' dir='ltr'><strong>viro</strong></span> <span class='ocrx_word' id='word_1_15' title='bbox 889 253 995 297; x_wconf 87' lang='lat' dir='ltr'><strong>forti</strong></span> <span class='ocrx_word' id='word_1_16' title='bbox 1021 253 1250 296; x_wconf 87' lang='lat' dir='ltr'><strong>constituit</strong></span> <span class='ocrx_word' id='word_1_17' title='bbox 1274 268 1414 309; x_wconf 90' lang='lat' dir='ltr'><strong>neque</strong></span> 
     </span>
     <span class='ocr_line' id='line_1_4' title="bbox 116 313 1413 370; baseline -0.002 -13"><span class='ocrx_word' id='word_1_18' title='bbox 116 314 316 370; x_wconf 73' lang='lat' dir='ltr'><strong>inposuit</strong></span> <span class='ocrx_word' id='word_1_19' title='bbox 340 314 573 368; x_wconf 87' lang='lat' dir='ltr'><strong>recusanti,</strong></span> <span class='ocrx_word' id='word_1_20' title='bbox 591 328 728 370; x_wconf 87' lang='lat' dir='ltr'><strong>neque</strong></span> <span class='ocrx_word' id='word_1_21' title='bbox 753 313 890 356; x_wconf 88' lang='lat' dir='ltr'><strong>ullam</strong></span> <span class='ocrx_word' id='word_1_22' title='bbox 909 313 1214 356; x_wconf 83' lang='lat' dir='ltr'><strong>necessitatem</strong></span> <span class='ocrx_word' id='word_1_23' title='bbox 1233 313 1413 356; x_wconf 75' lang='lat' dir='ltr'><strong>nolenti.</strong></span> 
     </span>
     <span class='ocr_line' id='line_1_5' title="bbox 116 372 1412 430; baseline 0 -14"><span class='ocrx_word' id='word_1_24' title='bbox 116 374 223 430; x_wconf 84' lang='lat' dir='ltr'><strong>quid</strong></span> <span class='ocrx_word' id='word_1_25' title='bbox 254 374 370 416; x_wconf 92' lang='lat' dir='ltr'><strong>enim</strong></span> <span class='ocrx_word' id='word_1_26' title='bbox 401 373 591 429; x_wconf 85' lang='lat' dir='ltr'><strong>facietis,</strong></span> <span class='ocrx_word' id='word_1_27' title='bbox 624 373 662 416; x_wconf 87' lang='lat' dir='ltr'><strong>si</strong></span> <span class='ocrx_word' id='word_1_28' title='bbox 685 387 774 416; x_wconf 92' lang='lat' dir='ltr'><strong>non</strong></span> <span class='ocrx_word' id='word_1_29' title='bbox 808 372 1036 416; x_wconf 76' lang='lat' dir='ltr'><strong>occidero?</strong></span> <span class='ocrx_word' id='word_1_30' title='bbox 1069 373 1164 428; x_wconf 90' lang='lat' dir='ltr'><strong>quis</strong></span> <span class='ocrx_word' id='word_1_31' title='bbox 1192 375 1259 415; x_wconf 88' lang='lat' dir='ltr'><strong>est</strong></span> <span class='ocrx_word' id='word_1_32' title='bbox 1282 372 1412 416; x_wconf 88' lang='lat' dir='ltr'><strong>huius</strong></span> 
     </span>
     <span class='ocr_line' id='line_1_6' title="bbox 119 432 1413 489; baseline 0 -14"><span class='ocrx_word' id='word_1_33' title='bbox 119 433 446 476; x_wconf 82' lang='lat' dir='ltr'><strong>constitutionis</strong></span> <span class='ocrx_word' id='word_1_34' title='bbox 460 433 599 476; x_wconf 87' lang='lat' dir='ltr'><strong>exitus</strong></span> <span class='ocrx_word' id='word_1_35' title='bbox 608 433 629 475; x_wconf 68' lang='lat'><strong>‘2²</strong></span> <span class='ocrx_word' id='word_1_36' title='bbox 643 433 784 489; x_wconf 88' lang='lat' dir='ltr'><strong>legem</strong></span> <span class='ocrx_word' id='word_1_37' title='bbox 797 432 966 475; x_wconf 89' lang='lat' dir='ltr'><strong>nullam</strong></span> <span class='ocrx_word' id='word_1_38' title='bbox 979 432 1166 475; x_wconf 88' lang='lat' dir='ltr'><strong>habetis.</strong></span> <span class='ocrx_word' id='word_1_39' title='bbox 1187 432 1262 475; x_wconf 89' lang='lat' dir='ltr'><strong>sed</strong></span> <span class='ocrx_word' id='word_1_40' title='bbox 1276 432 1413 475; x_wconf 87' lang='lat' dir='ltr'><strong>vindi-</strong></span> 
     </span>
     <span class='ocr_line' id='line_1_7' title="bbox 115 492 1414 548; baseline -0.001 -13"><span class='ocrx_word' id='word_1_41' title='bbox 115 493 209 535; x_wconf 79' lang='lat' dir='ltr'><strong>cari</strong></span> <span class='ocrx_word' id='word_1_42' title='bbox 222 507 299 536; x_wconf 87' lang='lat' dir='ltr'><strong>vos</strong></span> <span class='ocrx_word' id='word_1_43' title='bbox 313 493 459 536; x_wconf 88' lang='lat' dir='ltr'><strong>vultis.</strong></span> <span class='ocrx_word' id='word_1_44' title='bbox 486 492 689 536; x_wconf 90' lang='lat' dir='ltr'><strong>adhibete</strong></span> <span class='ocrx_word' id='word_1_45' title='bbox 704 493 963 545; x_wconf 88' lang='lat' dir='ltr'><strong>carnificem,</strong></span> <span class='ocrx_word' id='word_1_46' title='bbox 978 492 1414 548; x_wconf 48' lang='lat' dir='ltr'><strong>occidite-utrumque.</strong></span> 
     </span>
     <span class='ocr_line' id='line_1_8' title="bbox 116 552 1415 607; baseline -0.001 -12"><span class='ocrx_word' id='word_1_47' title='bbox 116 552 226 595; x_wconf 81' lang='lat' dir='ltr'><strong>bene</strong></span> <span class='ocrx_word' id='word_1_48' title='bbox 264 552 437 595; x_wconf 86' lang='lat' dir='ltr'><strong>hercule</strong></span> <span class='ocrx_word' id='word_1_49' title='bbox 477 552 784 595; x_wconf 84' lang='lat' dir='ltr'><strong>exhortamini:</strong></span> <span class='ocrx_word' id='word_1_50' title='bbox 823 554 908 607; x_wconf 89' lang='lat' dir='ltr'><strong>est,</strong></span> <span class='ocrx_word' id='word_1_51' title='bbox 947 566 1080 607; x_wconf 89' lang='lat' dir='ltr'><strong>quare</strong></span> <span class='ocrx_word' id='word_1_52' title='bbox 1125 567 1246 594; x_wconf 88' lang='lat' dir='ltr'><strong>arma</strong></span> <span class='ocrx_word' id='word_1_53' title='bbox 1285 567 1415 594; x_wconf 82' lang='lat' dir='ltr'><strong>senex</strong></span> 
     </span>
     <span class='ocr_line' id='line_1_9' title="bbox 117 611 1413 668; baseline -0.001 -14"><span class='ocrx_word' id='word_1_54' title='bbox 117 626 350 655; x_wconf 85' lang='lat' dir='ltr'><strong>resumam.</strong></span> <span class='ocrx_word' id='word_1_55' title='bbox 411 612 609 668; x_wconf 87' lang='lat' dir='ltr'><strong>„fortiter</strong></span> <span class='ocrx_word' id='word_1_56' title='bbox 641 611 802 667; x_wconf 85' lang='lat' dir='ltr'><strong>fecisti,</strong></span> <span class='ocrx_word' id='word_1_57' title='bbox 841 611 1078 667; x_wconf 90' lang='lat' dir='ltr'><strong>plurimum</strong></span> <span class='ocrx_word' id='word_1_58' title='bbox 1117 611 1181 653; x_wconf 91' lang='lat' dir='ltr'><strong>rei</strong></span> <span class='ocrx_word' id='word_1_59' title='bbox 1212 611 1413 667; x_wconf 86' lang='lat' dir='ltr'><strong>publicae</strong></span> 
     </span>
     <span class='ocr_line' id='line_1_10' title="bbox 115 671 1412 727; baseline 0 -13"><span class='ocrx_word' id='word_1_60' title='bbox 115 673 217 714; x_wconf 83' lang='lat' dir='ltr'><strong>tuae</strong></span> <span class='ocrx_word' id='word_1_61' title='bbox 250 672 533 726; x_wconf 82' lang='lat' dir='ltr'><strong>praestitisti,</strong></span> <span class='ocrx_word' id='word_1_62' title='bbox 571 671 681 714; x_wconf 83' lang='lat' dir='ltr'><strong>velis</strong></span> <span class='ocrx_word' id='word_1_63' title='bbox 712 671 865 714; x_wconf 87' lang='lat' dir='ltr'><strong>nolis.“</strong></span> <span class='ocrx_word' id='word_1_64' title='bbox 916 671 1016 727; x_wconf 92' lang='lat' dir='ltr'><strong>quid</strong></span> <span class='ocrx_word' id='word_1_65' title='bbox 1049 671 1185 727; x_wconf 85' lang='lat' dir='ltr'><strong>igitur</strong></span> <span class='ocrx_word' id='word_1_66' title='bbox 1216 671 1324 714; x_wconf 91' lang='lat' dir='ltr'><strong>haec</strong></span> <span class='ocrx_word' id='word_1_67' title='bbox 1358 671 1412 714; x_wconf 87' lang='lat' dir='ltr'><strong>ad</strong></span> 
     </span>
     <span class='ocr_line' id='line_1_11' title="bbox 116 731 1414 787; baseline 0 -14"><span class='ocrx_word' id='word_1_68' title='bbox 116 731 426 786; x_wconf 79' lang='lat' dir='ltr'><strong>parricidium?</strong></span> <span class='ocrx_word' id='word_1_69' title='bbox 476 734 546 787; x_wconf 91' lang='lat' dir='ltr'><strong>„et</strong></span> <span class='ocrx_word' id='word_1_70' title='bbox 585 731 723 774; x_wconf 90' lang='lat' dir='ltr'><strong>filium</strong></span> <span class='ocrx_word' id='word_1_71' title='bbox 756 731 920 785; x_wconf 88' lang='lat' dir='ltr'><strong>occide,</strong></span> <span class='ocrx_word' id='word_1_72' title='bbox 958 733 1002 772; x_wconf 92' lang='lat' dir='ltr'><strong>et</strong></span> <span class='ocrx_word' id='word_1_73' title='bbox 1038 745 1194 787; x_wconf 88' lang='lat' dir='ltr'><strong>parum</strong></span> <span class='ocrx_word' id='word_1_74' title='bbox 1234 731 1292 772; x_wconf 88' lang='lat' dir='ltr'><strong>sit</strong></span> <span class='ocrx_word' id='word_1_75' title='bbox 1331 731 1414 774; x_wconf 90' lang='lat' dir='ltr'><strong>tibi</strong></span> 
     </span>
     <span class='ocr_line' id='line_1_12' title="bbox 116 789 1412 846; baseline 0.001 -14"><span class='ocrx_word' id='word_1_76' title='bbox 116 789 336 845; x_wconf 71' lang='lat' dir='ltr'><strong>perderef‘</strong></span> <span class='ocrx_word' id='word_1_77' title='bbox 397 791 628 834; x_wconf 85' lang='lat' dir='ltr'><strong>vehemens</strong></span> <span class='ocrx_word' id='word_1_78' title='bbox 669 793 780 846; x_wconf 84' lang='lat' dir='ltr'><strong>erat,</strong></span> <span class='ocrx_word' id='word_1_79' title='bbox 821 790 858 832; x_wconf 88' lang='lat' dir='ltr'><strong>si</strong></span> <span class='ocrx_word' id='word_1_80' title='bbox 889 790 1094 845; x_wconf 87' lang='lat' dir='ltr'><strong>dicerem,</strong></span> <span class='ocrx_word' id='word_1_81' title='bbox 1137 791 1268 833; x_wconf 87' lang='lat' dir='ltr'><strong>»nolo</strong></span> <span class='ocrx_word' id='word_1_82' title='bbox 1303 791 1412 833; x_wconf 87' lang='lat' dir='ltr'><strong>occi-</strong></span> 
     </span>
     <span class='ocr_line' id='line_1_13' title="bbox 116 849 1411 908; baseline 0 -16"><span class='ocrx_word' id='word_1_83' title='bbox 116 849 264 903; x_wconf 85' lang='lat' dir='ltr'><strong>dere«:</strong></span> <span class='ocrx_word' id='word_1_84' title='bbox 296 851 533 908; x_wconf 86' lang='lat' dir='ltr'><strong>ignoscetis</strong></span> <span class='ocrx_word' id='word_1_85' title='bbox 566 850 674 893; x_wconf 90' lang='lat' dir='ltr'><strong>mihi</strong></span> <span class='ocrx_word' id='word_1_86' title='bbox 707 850 885 905; x_wconf 90' lang='lat' dir='ltr'><strong>dicenti,</strong></span> <span class='ocrx_word' id='word_1_87' title='bbox 930 865 1049 892; x_wconf 89' lang='lat' dir='ltr'><strong>»n0n</strong></span> <span class='ocrx_word' id='word_1_88' title='bbox 1081 864 1278 905; x_wconf 83' lang='lat' dir='ltr'><strong>possum3</strong></span> <span class='ocrx_word' id='word_1_89' title='bbox 1320 865 1411 892; x_wconf 87' lang='lat' dir='ltr'><strong>ma-</strong></span> 
     </span>
     <span class='ocr_line' id='line_1_14' title="bbox 101 909 1121 965; baseline -0.001 -14"><span class='ocrx_word' id='word_1_90' title='bbox 101 923 199 951; x_wconf 67' lang='lat' dir='ltr'><strong>anus</strong></span> <span class='ocrx_word' id='word_1_91' title='bbox 233 910 320 964; x_wconf 84' lang='lat' dir='ltr'><strong>illa,</strong></span> <span class='ocrx_word' id='word_1_92' title='bbox 354 925 464 965; x_wconf 88' lang='lat' dir='ltr'><strong>quae</strong></span> <span class='ocrx_word' id='word_1_93' title='bbox 497 910 622 953; x_wconf 88' lang='lat' dir='ltr'><strong>fortis</strong></span> <span class='ocrx_word' id='word_1_94' title='bbox 656 909 894 965; x_wconf 83' lang='lat' dir='ltr'><strong>dicebatur,</strong></span> <span class='ocrx_word' id='word_1_95' title='bbox 921 909 1121 952; x_wconf 59' lang='lat' dir='ltr'><strong>defecit«</strong></span> 
     </span>
    </p>

    <p class='ocr_par' dir='ltr' id='par_1_3' title="bbox 111 967 1410 1620">
     <span class='ocr_line' id='line_1_15' title="bbox 207 967 1410 1024; baseline 0 -12"><span class='ocrx_word' id='word_1_96' title='bbox 207 967 306 1012; x_wconf 82' lang='lat' dir='ltr'><strong>Scio</strong></span> <span class='ocrx_word' id='word_1_97' title='bbox 343 983 456 1012; x_wconf 88' lang='lat' dir='ltr'><strong>nunc</strong></span> <span class='ocrx_word' id='word_1_98' title='bbox 495 983 581 1024; x_wconf 87' lang='lat' dir='ltr'><strong>me,</strong></span> <span class='ocrx_word' id='word_1_99' title='bbox 619 969 793 1024; x_wconf 87' lang='lat' dir='ltr'><strong>iudices,</strong></span> <span class='ocrx_word' id='word_1_100' title='bbox 830 968 1087 1024; x_wconf 84' lang='lat' dir='ltr'><strong>reprehendi</strong></span> <span class='ocrx_word' id='word_1_101' title='bbox 1120 984 1144 1010; x_wconf 88' lang='lat' dir='ltr'><strong>a</strong></span> <span class='ocrx_word' id='word_1_102' title='bbox 1177 969 1303 1012; x_wconf 87' lang='lat' dir='ltr'><strong>bonis</strong></span> <span class='ocrx_word' id='word_1_103' title='bbox 1337 984 1410 1024; x_wconf 88' lang='lat' dir='ltr'><strong>pa-</strong></span> 
     </span>
     <span class='ocr_line' id='line_1_16' title="bbox 114 1027 1409 1084; baseline 0.002 -14"><span class='ocrx_word' id='word_1_104' title='bbox 114 1027 269 1083; x_wconf 88' lang='lat' dir='ltr'><strong>tribus,</strong></span> <span class='ocrx_word' id='word_1_105' title='bbox 299 1031 525 1084; x_wconf 83' lang='lat' dir='ltr'><strong>tamquam</strong></span> <span class='ocrx_word' id='word_1_106' title='bbox 556 1029 799 1083; x_wconf 87' lang='lat' dir='ltr'><strong>praemium</strong></span> <span class='ocrx_word' id='word_1_107' title='bbox 826 1031 976 1084; x_wconf 90' lang='lat' dir='ltr'><strong>optare</strong></span> <span class='ocrx_word' id='word_1_108' title='bbox 1003 1028 1208 1072; x_wconf 87' lang='lat' dir='ltr'><strong>nesciam.</strong></span> <span class='ocrx_word' id='word_1_109' title='bbox 1252 1028 1409 1072; x_wconf 91' lang='lat' dir='ltr'><strong>melior</strong></span> 
     </span>
     <span class='ocr_line' id='line_1_17' title="bbox 113 1087 1409 1144; baseline 0.002 -15"><span class='ocrx_word' id='word_1_110' title='bbox 113 1087 228 1130; x_wconf 88' lang='lat' dir='ltr'><strong>enim</strong></span> <span class='ocrx_word' id='word_1_111' title='bbox 272 1090 316 1130; x_wconf 90' lang='lat' dir='ltr'><strong>et</strong></span> <span class='ocrx_word' id='word_1_112' title='bbox 357 1087 653 1144; x_wconf 85' lang='lat' dir='ltr'><strong>indulgentior</strong></span> <span class='ocrx_word' id='word_1_113' title='bbox 697 1091 822 1143; x_wconf 90' lang='lat' dir='ltr'><strong>pater</strong></span> <span class='ocrx_word' id='word_1_114' title='bbox 867 1088 951 1130; x_wconf 90' lang='lat' dir='ltr'><strong>hoc</strong></span> <span class='ocrx_word' id='word_1_115' title='bbox 1000 1087 1177 1130; x_wconf 87' lang='lat' dir='ltr'><strong>diceret:</strong></span> <span class='ocrx_word' id='word_1_116' title='bbox 1222 1088 1409 1132; x_wconf 79' lang='lat' dir='ltr'><strong>»donate</strong></span> 
     </span>
     <span class='ocr_line' id='line_1_18' title="bbox 113 1147 1410 1204; baseline 0.002 -16"><span class='ocrx_word' id='word_1_117' title='bbox 113 1147 282 1190; x_wconf 89' lang='lat' dir='ltr'><strong>meritis</strong></span> <span class='ocrx_word' id='word_1_118' title='bbox 309 1147 417 1190; x_wconf 89' lang='lat' dir='ltr'><strong>meis</strong></span> <span class='ocrx_word' id='word_1_119' title='bbox 443 1148 593 1191; x_wconf 75' lang='lat' dir='ltr'><strong>filium,</strong></span> <span class='ocrx_word' id='word_1_120' title='bbox 631 1148 696 1190; x_wconf 88' lang='lat' dir='ltr'><strong>ita</strong></span> <span class='ocrx_word' id='word_1_121' title='bbox 722 1161 804 1204; x_wconf 89' lang='lat' dir='ltr'><strong>ego</strong></span> <span class='ocrx_word' id='word_1_122' title='bbox 832 1147 949 1203; x_wconf 90' lang='lat' dir='ltr'><strong>quod</strong></span> <span class='ocrx_word' id='word_1_123' title='bbox 973 1147 1147 1190; x_wconf 88' lang='lat' dir='ltr'><strong>fortiter</strong></span> <span class='ocrx_word' id='word_1_124' title='bbox 1169 1147 1266 1202; x_wconf 88' lang='lat' dir='ltr'><strong>feci,</strong></span> <span class='ocrx_word' id='word_1_125' title='bbox 1294 1148 1410 1204; x_wconf 90' lang='lat' dir='ltr'><strong>quod</strong></span> 
     </span>
     <span class='ocr_line' id='line_1_19' title="bbox 111 1206 1410 1264; baseline 0.002 -16"><span class='ocrx_word' id='word_1_126' title='bbox 111 1208 286 1249; x_wconf 87' lang='lat' dir='ltr'><strong>tantum</strong></span> <span class='ocrx_word' id='word_1_127' title='bbox 310 1206 485 1250; x_wconf 87' lang='lat' dir='ltr'><strong>hostilis</strong></span> <span class='ocrx_word' id='word_1_128' title='bbox 513 1207 738 1264; x_wconf 85' lang='lat' dir='ltr'><strong>sanguinis</strong></span> <span class='ocrx_word' id='word_1_129' title='bbox 766 1207 870 1262; x_wconf 82' lang='lat' dir='ltr'><strong>fudi,</strong></span> <span class='ocrx_word' id='word_1_130' title='bbox 903 1207 1019 1262; x_wconf 88' lang='lat' dir='ltr'><strong>quod</strong></span> <span class='ocrx_word' id='word_1_131' title='bbox 1043 1207 1160 1249; x_wconf 88' lang='lat' dir='ltr'><strong>inter</strong></span> <span class='ocrx_word' id='word_1_132' title='bbox 1187 1211 1410 1251; x_wconf 85' lang='lat' dir='ltr'><strong>momenta</strong></span> 
     </span>
     <span class='ocr_line' id='line_1_20' title="bbox 113 1262 1409 1322; baseline 0.002 -14"><span class='ocrx_word' id='word_1_133' title='bbox 113 1262 321 1309; x_wconf 68' lang='lat' dir='ltr'><strong>victoriae</strong></span> <span class='ocrx_word' id='word_1_134' title='bbox 353 1265 428 1321; x_wconf 85' lang='lat' dir='ltr'><strong>fui,</strong></span> <span class='ocrx_word' id='word_1_135' title='bbox 460 1281 548 1309; x_wconf 90' lang='lat' dir='ltr'><strong>non</strong></span> <span class='ocrx_word' id='word_1_136' title='bbox 580 1269 648 1308; x_wconf 91' lang='lat' dir='ltr'><strong>est</strong></span> <span class='ocrx_word' id='word_1_137' title='bbox 673 1282 751 1322; x_wconf 90' lang='lat' dir='ltr'><strong>pro</strong></span> <span class='ocrx_word' id='word_1_138' title='bbox 780 1282 911 1322; x_wconf 88' lang='lat' dir='ltr'><strong>opera</strong></span> <span class='ocrx_word' id='word_1_139' title='bbox 931 1266 1177 1308; x_wconf 76' lang='lat' dir='ltr'><strong>duorum«‘?</strong></span> <span class='ocrx_word' id='word_1_140' title='bbox 1226 1266 1339 1322; x_wconf 85' lang='lat' dir='ltr'><strong>Ego,</strong></span> <span class='ocrx_word' id='word_1_141' title='bbox 1372 1268 1409 1310; x_wconf 90' lang='lat' dir='ltr'><strong>si</strong></span> 
     </span>
     <span class='ocr_line' id='line_1_21' title="bbox 114 1325 1407 1382; baseline 0.002 -15"><span class='ocrx_word' id='word_1_142' title='bbox 114 1325 268 1368; x_wconf 90' lang='lat' dir='ltr'><strong>melior</strong></span> <span class='ocrx_word' id='word_1_143' title='bbox 312 1340 451 1368; x_wconf 86' lang='lat' dir='ltr'><strong>essem</strong></span> <span class='ocrx_word' id='word_1_144' title='bbox 488 1328 631 1382; x_wconf 88' lang='lat' dir='ltr'><strong>pater,</strong></span> <span class='ocrx_word' id='word_1_145' title='bbox 668 1326 776 1368; x_wconf 89' lang='lat' dir='ltr'><strong>illud</strong></span> <span class='ocrx_word' id='word_1_146' title='bbox 816 1340 986 1381; x_wconf 90' lang='lat' dir='ltr'><strong>quoque</strong></span> <span class='ocrx_word' id='word_1_147' title='bbox 1019 1326 1276 1381; x_wconf 85' lang='lat' dir='ltr'><strong>simpliciter</strong></span> <span class='ocrx_word' id='word_1_148' title='bbox 1309 1341 1407 1370; x_wconf 87' lang='lat' dir='ltr'><strong>con-</strong></span> 
     </span>
     <span class='ocr_line' id='line_1_22' title="bbox 113 1383 1409 1441; baseline 0.002 -15"><span class='ocrx_word' id='word_1_149' title='bbox 113 1383 276 1440; x_wconf 89' lang='lat' dir='ltr'><strong>fiterer,</strong></span> <span class='ocrx_word' id='word_1_150' title='bbox 319 1385 558 1428; x_wconf 86' lang='lat' dir='ltr'><strong>deseruisse</strong></span> <span class='ocrx_word' id='word_1_151' title='bbox 603 1385 743 1427; x_wconf 91' lang='lat' dir='ltr'><strong>filium</strong></span> <span class='ocrx_word' id='word_1_152' title='bbox 789 1400 886 1427; x_wconf 86' lang='lat' dir='ltr'><strong>mea</strong></span> <span class='ocrx_word' id='word_1_153' title='bbox 932 1386 1069 1441; x_wconf 87' lang='lat' dir='ltr'><strong>culpa.</strong></span> <span class='ocrx_word' id='word_1_154' title='bbox 1145 1385 1249 1440; x_wconf 88' lang='lat' dir='ltr'><strong>quid</strong></span> <span class='ocrx_word' id='word_1_155' title='bbox 1293 1386 1409 1429; x_wconf 90' lang='lat' dir='ltr'><strong>enim</strong></span> 
     </span>
     <span class='ocr_line' id='line_1_23' title="bbox 113 1441 1409 1502; baseline 0.002 -16"><span class='ocrx_word' id='word_1_156' title='bbox 113 1441 291 1487; x_wconf 74' lang='lat' dir='ltr'><strong>necesse</strong></span> <span class='ocrx_word' id='word_1_157' title='bbox 315 1444 401 1487; x_wconf 88' lang='lat' dir='ltr'><strong>fuit</strong></span> <span class='ocrx_word' id='word_1_158' title='bbox 427 1445 606 1487; x_wconf 87' lang='lat' dir='ltr'><strong>educere</strong></span> <span class='ocrx_word' id='word_1_159' title='bbox 632 1445 677 1487; x_wconf 91' lang='lat' dir='ltr'><strong>in</strong></span> <span class='ocrx_word' id='word_1_160' title='bbox 706 1445 842 1487; x_wconf 87' lang='lat' dir='ltr'><strong>aciem</strong></span> <span class='ocrx_word' id='word_1_161' title='bbox 871 1444 1273 1487; x_wconf 77' lang='lat' dir='ltr'><strong>adulescentulum?</strong></span> <span class='ocrx_word' id='word_1_162' title='bbox 1307 1445 1409 1502; x_wconf 89' lang='lat' dir='ltr'><strong>quid</strong></span> 
     </span>
     <span class='ocr_line' id='line_1_24' title="bbox 112 1503 1408 1560; baseline 0.002 -14"><span class='ocrx_word' id='word_1_163' title='bbox 112 1517 287 1546; x_wconf 85' lang='lat' dir='ltr'><strong>necesse</strong></span> <span class='ocrx_word' id='word_1_164' title='bbox 337 1503 422 1546; x_wconf 88' lang='lat' dir='ltr'><strong>fuit</strong></span> <span class='ocrx_word' id='word_1_165' title='bbox 469 1504 597 1546; x_wconf 88' lang='lat' dir='ltr'><strong>rudes</strong></span> <span class='ocrx_word' id='word_1_166' title='bbox 643 1519 779 1547; x_wconf 85' lang='lat' dir='ltr'><strong>annos</strong></span> <span class='ocrx_word' id='word_1_167' title='bbox 826 1519 923 1546; x_wconf 89' lang='lat' dir='ltr'><strong>cum</strong></span> <span class='ocrx_word' id='word_1_168' title='bbox 975 1504 1236 1560; x_wconf 86' lang='lat' dir='ltr'><strong>gravissimo</strong></span> <span class='ocrx_word' id='word_1_169' title='bbox 1281 1505 1408 1548; x_wconf 87' lang='lat' dir='ltr'><strong>hoste</strong></span> 
     </span>
     <span class='ocr_line' id='line_1_25' title="bbox 113 1563 1406 1620; baseline 0.002 -15"><span class='ocrx_word' id='word_1_170' title='bbox 113 1563 395 1606; x_wconf 85' lang='lat' dir='ltr'><strong>acerbissimo</strong></span> <span class='ocrx_word' id='word_1_171' title='bbox 427 1564 594 1620; x_wconf 87' lang='lat' dir='ltr'><strong>proelio</strong></span> <span class='ocrx_word' id='word_1_172' title='bbox 627 1567 914 1620; x_wconf 78' lang='lat' dir='ltr'><strong>componere?</strong></span> <span class='ocrx_word' id='word_1_173' title='bbox 949 1567 1025 1606; x_wconf 86' lang='lat' dir='ltr'><strong>aut</strong></span> <span class='ocrx_word' id='word_1_174' title='bbox 1056 1566 1169 1606; x_wconf 87' lang='lat' dir='ltr'><strong>certe</strong></span> <span class='ocrx_word' id='word_1_175' title='bbox 1197 1564 1234 1606; x_wconf 89' lang='lat' dir='ltr'><strong>si</strong></span> <span class='ocrx_word' id='word_1_176' title='bbox 1258 1567 1406 1607; x_wconf 89' lang='lat' dir='ltr'><strong>tantus</strong></span> 
     </span>
    </p>
   </div>
   <div class='ocr_carea' id='block_1_3' title="bbox 111 1622 1452 1679">
    <p class='ocr_par' dir='ltr' id='par_1_4' title="bbox 111 1622 1452 1679">
     <span class='ocr_line' id='line_1_26' title="bbox 111 1622 1452 1679; baseline 0.001 -14"><span class='ocrx_word' id='word_1_177' title='bbox 111 1622 279 1678; x_wconf 87' lang='lat' dir='ltr'><strong>gloriae</strong></span> <span class='ocrx_word' id='word_1_178' title='bbox 317 1638 456 1679; x_wconf 89' lang='lat' dir='ltr'><strong>amor,</strong></span> <span class='ocrx_word' id='word_1_179' title='bbox 496 1623 534 1665; x_wconf 84' lang='lat' dir='ltr'><strong>si</strong></span> <span class='ocrx_word' id='word_1_180' title='bbox 571 1625 697 1666; x_wconf 85' lang='lat' dir='ltr'><strong>tanta</strong></span> <span class='ocrx_word' id='word_1_181' title='bbox 735 1623 891 1679; x_wconf 88' lang='lat' dir='ltr'><strong>cupido</strong></span> <span class='ocrx_word' id='word_1_182' title='bbox 923 1623 1112 1678; x_wconf 87' lang='lat' dir='ltr'><strong>laudum,</strong></span> <span class='ocrx_word' id='word_1_183' title='bbox 1150 1624 1348 1667; x_wconf 87' lang='lat' dir='ltr'><strong>recedere</strong></span> <span class='ocrx_word' id='word_1_184' title='bbox 1381 1640 1407 1667; x_wconf 89' lang='lat' dir='ltr'><strong>a</strong></span> <span class='ocrx_word' id='word_1_185' title='bbox 1435 1656 1452 1666; x_wconf 82' lang='grc'><strong>..</strong></span> 
     </span>
    </p>
   </div>
   <div class='ocr_carea' id='block_1_4' title="bbox 107 1681 1406 1977">
    <p class='ocr_par' dir='ltr' id='par_1_5' title="bbox 107 1681 1406 1977">
     <span class='ocr_line' id='line_1_27' title="bbox 110 1681 1406 1740; baseline 0.002 -16"><span class='ocrx_word' id='word_1_186' title='bbox 110 1681 201 1725; x_wconf 92' lang='lat' dir='ltr'><strong>filio</strong></span> <span class='ocrx_word' id='word_1_187' title='bbox 233 1697 330 1725; x_wconf 92' lang='lat' dir='ltr'><strong>meo</strong></span> <span class='ocrx_word' id='word_1_188' title='bbox 361 1697 452 1725; x_wconf 91' lang='lat' dir='ltr'><strong>non</strong></span> <span class='ocrx_word' id='word_1_189' title='bbox 483 1683 726 1726; x_wconf 87' lang='lat' dir='ltr'><strong>debueram.</strong></span> <span class='ocrx_word' id='word_1_190' title='bbox 777 1686 821 1726; x_wconf 91' lang='lat' dir='ltr'><strong>et</strong></span> <span class='ocrx_word' id='word_1_191' title='bbox 852 1683 953 1737; x_wconf 80' lang='lat' dir='ltr'><strong>feci,</strong></span> <span class='ocrx_word' id='word_1_192' title='bbox 995 1683 1171 1738; x_wconf 83' lang='lat' dir='ltr'><strong>iudices,</strong></span> <span class='ocrx_word' id='word_1_193' title='bbox 1203 1684 1406 1740; x_wconf 89' lang='lat' dir='ltr'><strong>primum,</strong></span> 
     </span>
     <span class='ocr_line' id='line_1_28' title="bbox 110 1743 1406 1799; baseline 0.002 -15"><span class='ocrx_word' id='word_1_194' title='bbox 110 1743 155 1784; x_wconf 88' lang='lat' dir='ltr'><strong>et</strong></span> <span class='ocrx_word' id='word_1_195' title='bbox 186 1744 412 1798; x_wconf 87' lang='lat' dir='ltr'><strong>tamquam</strong></span> <span class='ocrx_word' id='word_1_196' title='bbox 442 1743 715 1785; x_wconf 88' lang='lat' dir='ltr'><strong>instituerem</strong></span> <span class='ocrx_word' id='word_1_197' title='bbox 745 1743 884 1785; x_wconf 90' lang='lat' dir='ltr'><strong>filium</strong></span> <span class='ocrx_word' id='word_1_198' title='bbox 909 1743 1062 1785; x_wconf 91' lang='lat' dir='ltr'><strong>rudem</strong></span> <span class='ocrx_word' id='word_1_199' title='bbox 1087 1743 1284 1799; x_wconf 88' lang='lat' dir='ltr'><strong>militiae,</strong></span> <span class='ocrx_word' id='word_1_200' title='bbox 1316 1759 1406 1787; x_wconf 89' lang='lat' dir='ltr'><strong>non</strong></span> 
     </span>
     <span class='ocr_line' id='line_1_29' title="bbox 107 1801 1404 1858; baseline 0.002 -14"><span class='ocrx_word' id='word_1_201' title='bbox 107 1801 262 1856; x_wconf 86' lang='lat' dir='ltr'><strong>procul</strong></span> <span class='ocrx_word' id='word_1_202' title='bbox 293 1817 319 1844; x_wconf 91' lang='lat' dir='ltr'><strong>a</strong></span> <span class='ocrx_word' id='word_1_203' title='bbox 343 1801 479 1845; x_wconf 88' lang='lat' dir='ltr'><strong>latere</strong></span> <span class='ocrx_word' id='word_1_204' title='bbox 504 1802 674 1858; x_wconf 88' lang='lat' dir='ltr'><strong>reliqui.</strong></span> <span class='ocrx_word' id='word_1_205' title='bbox 720 1803 891 1858; x_wconf 88' lang='lat' dir='ltr'><strong>decepit</strong></span> <span class='ocrx_word' id='word_1_206' title='bbox 915 1818 983 1845; x_wconf 87' lang='lat' dir='ltr'><strong>me</strong></span> <span class='ocrx_word' id='word_1_207' title='bbox 1011 1803 1141 1845; x_wconf 90' lang='lat' dir='ltr'><strong>ardor</strong></span> <span class='ocrx_word' id='word_1_208' title='bbox 1173 1803 1249 1845; x_wconf 90' lang='lat' dir='ltr'><strong>ille</strong></span> <span class='ocrx_word' id='word_1_209' title='bbox 1281 1804 1404 1847; x_wconf 86' lang='lat' dir='ltr'><strong>belli:</strong></span> 
     </span>
     <span class='ocr_line' id='line_1_30' title="bbox 109 1861 1404 1918; baseline 0.002 -15"><span class='ocrx_word' id='word_1_210' title='bbox 109 1862 159 1903; x_wconf 86' lang='lat' dir='ltr'><strong>ut</strong></span> <span class='ocrx_word' id='word_1_211' title='bbox 208 1861 397 1916; x_wconf 91' lang='lat' dir='ltr'><strong>primum</strong></span> <span class='ocrx_word' id='word_1_212' title='bbox 449 1863 576 1918; x_wconf 86' lang='lat' dir='ltr'><strong>signa</strong></span> <span class='ocrx_word' id='word_1_213' title='bbox 621 1877 775 1905; x_wconf 85' lang='lat' dir='ltr'><strong>canere</strong></span> <span class='ocrx_word' id='word_1_214' title='bbox 822 1865 1072 1917; x_wconf 89' lang='lat' dir='ltr'><strong>coeperunt,</strong></span> <span class='ocrx_word' id='word_1_215' title='bbox 1122 1864 1171 1904; x_wconf 91' lang='lat' dir='ltr'><strong>ut</strong></span> <span class='ocrx_word' id='word_1_216' title='bbox 1215 1864 1404 1918; x_wconf 92' lang='lat' dir='ltr'><strong>primum</strong></span> 
     </span>
     <span class='ocr_line' id='line_1_31' title="bbox 107 1920 1401 1977; baseline 0.002 -15"><span class='ocrx_word' id='word_1_217' title='bbox 107 1920 159 1975; x_wconf 90' lang='lat'><strong>†.</strong></span> <span class='ocrx_word' id='word_1_218' title='bbox 180 1953 189 1962; x_wconf 95' lang='lat'><strong>.</strong></span> <span class='ocrx_word' id='word_1_219' title='bbox 211 1921 274 1976; x_wconf 77' lang='lat'><strong>.†,</strong></span> <span class='ocrx_word' id='word_1_220' title='bbox 304 1923 447 1964; x_wconf 89' lang='lat' dir='ltr'><strong>totum</strong></span> <span class='ocrx_word' id='word_1_221' title='bbox 480 1921 671 1964; x_wconf 84' lang='lat' dir='ltr'><strong>animum</strong></span> <span class='ocrx_word' id='word_1_222' title='bbox 700 1922 914 1976; x_wconf 87' lang='lat' dir='ltr'><strong>percussit</strong></span> <span class='ocrx_word' id='word_1_223' title='bbox 940 1922 1095 1977; x_wconf 85' lang='lat' dir='ltr'><strong>patria,</strong></span> <span class='ocrx_word' id='word_1_224' title='bbox 1128 1922 1223 1964; x_wconf 85' lang='lat' dir='ltr'><strong>sola</strong></span> <span class='ocrx_word' id='word_1_225' title='bbox 1248 1922 1401 1966; x_wconf 86' lang='lat' dir='ltr'><strong>virtus.</strong></span> 
     </span>
    </p>
   </div>
   <div class='ocr_carea' id='block_1_5' title="bbox 105 2048 1402 2335">
    <p class='ocr_par' dir='ltr' id='par_1_6' title="bbox 105 2048 1402 2335">
     <span class='ocr_line' id='line_1_32' title="bbox 203 2048 1401 2097; baseline 0.003 -13"><span class='ocrx_word' id='word_1_226' title='bbox 203 2052 224 2084; x_wconf 83' lang='lat'>2</span> <span class='ocrx_word' id='word_1_227' title='bbox 257 2048 328 2084; x_wconf 90' lang='lat' dir='ltr'><strong>viri</strong></span> <span class='ocrx_word' id='word_1_228' title='bbox 353 2049 490 2084; x_wconf 80' lang='lat' dir='ltr'><strong>fortem</strong></span> <span class='ocrx_word' id='word_1_229' title='bbox 515 2051 546 2083; x_wconf 99' lang='lat' dir='ltr'>A</span> <span class='ocrx_word' id='word_1_230' title='bbox 576 2051 587 2095; x_wconf 81' lang='grc' dir='ltr'><strong>ΙΙ</strong></span> <span class='ocrx_word' id='word_1_231' title='bbox 620 2052 642 2084; x_wconf 82' lang='lat'>4</span> <span class='ocrx_word' id='word_1_232' title='bbox 668 2048 783 2085; x_wconf 85' lang='lat' dir='ltr'><strong>etiam</strong></span> <span class='ocrx_word' id='word_1_233' title='bbox 809 2053 840 2084; x_wconf 88' lang='lat' dir='ltr'>A</span> <span class='ocrx_word' id='word_1_234' title='bbox 869 2050 1026 2097; x_wconf 66' lang='lat' dir='ltr'><strong>“facitis</strong></span> <span class='ocrx_word' id='word_1_235' title='bbox 1047 2053 1074 2085; x_wconf 86' lang='lat' dir='ltr'>B</span> <span class='ocrx_word' id='word_1_236' title='bbox 1105 2052 1118 2097; x_wconf 77' lang='lat' dir='ltr'>ss</span> <span class='ocrx_word' id='word_1_237' title='bbox 1149 2051 1239 2097; x_wconf 89' lang='lat' dir='ltr'><strong>quid</strong></span> <span class='ocrx_word' id='word_1_238' title='bbox 1265 2054 1318 2086; x_wconf 75' lang='lat' dir='ltr'><strong>Aa</strong></span> <span class='ocrx_word' id='word_1_239' title='bbox 1342 2052 1353 2096; x_wconf 75' lang='lat' dir='ltr'><strong>ll</strong></span> <span class='ocrx_word' id='word_1_240' title='bbox 1381 2056 1401 2088; x_wconf 83' lang='lat'>6</span> 
     </span>
     <span class='ocr_line' id='line_1_33' title="bbox 105 2095 1402 2144; baseline 0.002 -12"><span class='ocrx_word' id='word_1_241' title='bbox 105 2095 300 2132; x_wconf 81' lang='lat' dir='ltr'><strong>vindicare</strong></span> <span class='ocrx_word' id='word_1_242' title='bbox 325 2099 410 2140; x_wconf 86' lang='lat' dir='ltr'><strong>AB,</strong></span> <span class='ocrx_word' id='word_1_243' title='bbox 438 2108 530 2132; x_wconf 76' lang='lat' dir='ltr'><strong>corr.</strong></span> <span class='ocrx_word' id='word_1_244' title='bbox 557 2096 615 2132; x_wconf 80' lang='lat' dir='ltr'><strong>Ro</strong></span> <span class='ocrx_word' id='word_1_245' title='bbox 640 2097 652 2141; x_wconf 90' lang='grc' dir='ltr'><strong>ΙΙ</strong></span> <span class='ocrx_word' id='word_1_246' title='bbox 671 2108 737 2133; x_wconf 86' lang='lat' dir='ltr'><strong>vos</strong></span> <span class='ocrx_word' id='word_1_247' title='bbox 768 2098 884 2133; x_wconf 86' lang='lat' dir='ltr'><strong>voltis</strong></span> <span class='ocrx_word' id='word_1_248' title='bbox 910 2101 954 2143; x_wconf 85' lang='lat' dir='ltr'><strong>B,</strong></span> <span class='ocrx_word' id='word_1_249' title='bbox 987 2098 1102 2134; x_wconf 83' lang='lat' dir='ltr'><strong>vultis</strong></span> <span class='ocrx_word' id='word_1_250' title='bbox 1134 2102 1160 2133; x_wconf 81' lang='lat' dir='ltr'>P</span> <span class='ocrx_word' id='word_1_251' title='bbox 1178 2099 1190 2144; x_wconf 71' lang='grc' dir='ltr'><strong>ΙΙ</strong></span> <span class='ocrx_word' id='word_1_252' title='bbox 1212 2103 1253 2134; x_wconf 89' lang='grc'><strong>11</strong></span> <span class='ocrx_word' id='word_1_253' title='bbox 1290 2100 1402 2135; x_wconf 87' lang='lat' dir='ltr'><strong>vehe-</strong></span> 
     </span>
     <span class='ocr_line' id='line_1_34' title="bbox 105 2144 1401 2193; baseline 0.004 -15"><span class='ocrx_word' id='word_1_254' title='bbox 105 2144 242 2180; x_wconf 87' lang='lat' dir='ltr'><strong>mentis</strong></span> <span class='ocrx_word' id='word_1_255' title='bbox 259 2147 329 2179; x_wconf 73' lang='lat' dir='ltr'><strong>-Aa</strong></span> <span class='ocrx_word' id='word_1_256' title='bbox 352 2145 365 2189; x_wconf 78' lang='grc' dir='ltr'><strong>ΙΙ</strong></span> <span class='ocrx_word' id='word_1_257' title='bbox 392 2148 531 2180; x_wconf 80' lang='grc'>11-12</span> <span class='ocrx_word' id='word_1_258' title='bbox 566 2145 734 2180; x_wconf 88' lang='lat' dir='ltr'><strong>occidere</strong></span> <span class='ocrx_word' id='word_1_259' title='bbox 759 2145 847 2182; x_wconf 89' lang='lat' dir='ltr'><strong>nolo</strong></span> <span class='ocrx_word' id='word_1_260' title='bbox 872 2149 899 2180; x_wconf 84' lang='lat' dir='ltr'>B</span> <span class='ocrx_word' id='word_1_261' title='bbox 923 2147 936 2192; x_wconf 72' lang='grc' dir='ltr'><strong>ΙΙ</strong></span> <span class='ocrx_word' id='word_1_262' title='bbox 963 2151 1006 2182; x_wconf 83' lang='lat'><strong>15</strong></span> <span class='ocrx_word' id='word_1_263' title='bbox 1037 2145 1218 2183; x_wconf 83' lang='lat' dir='ltr'><strong>nesiciam</strong></span> <span class='ocrx_word' id='word_1_264' title='bbox 1244 2149 1299 2182; x_wconf 83' lang='lat' dir='ltr'><strong>Aa</strong></span> <span class='ocrx_word' id='word_1_265' title='bbox 1317 2148 1329 2193; x_wconf 88' lang='grc' dir='ltr'><strong>ΙΙ</strong></span> <span class='ocrx_word' id='word_1_266' title='bbox 1357 2145 1401 2183; x_wconf 78' lang='grc'>16</span> 
     </span>
     <span class='ocr_line' id='line_1_35' title="bbox 105 2190 1400 2241; baseline 0.003 -15"><span class='ocrx_word' id='word_1_267' title='bbox 105 2190 336 2238; x_wconf 86' lang='lat' dir='ltr'><strong>indigentior</strong></span> <span class='ocrx_word' id='word_1_268' title='bbox 355 2195 385 2226; x_wconf 90' lang='lat' dir='ltr'>A</span> <span class='ocrx_word' id='word_1_269' title='bbox 404 2192 415 2237; x_wconf 81' lang='grc' dir='ltr'>Η</span> <span class='ocrx_word' id='word_1_270' title='bbox 434 2192 506 2228; x_wconf 92' lang='lat' dir='ltr'><strong>hoc</strong></span> <span class='ocrx_word' id='word_1_271' title='bbox 528 2193 638 2238; x_wconf 86' lang='lat' dir='ltr'><strong>pater</strong></span> <span class='ocrx_word' id='word_1_272' title='bbox 655 2195 682 2226; x_wconf 83' lang='lat' dir='ltr'>B</span> <span class='ocrx_word' id='word_1_273' title='bbox 703 2193 714 2238; x_wconf 80' lang='grc' dir='ltr'>Η</span> <span class='ocrx_word' id='word_1_274' title='bbox 737 2195 778 2228; x_wconf 90' lang='grc'>18</span> <span class='ocrx_word' id='word_1_275' title='bbox 798 2194 899 2231; x_wconf 71' lang='lat' dir='ltr'><strong>tame</strong></span> <span class='ocrx_word' id='word_1_276' title='bbox 926 2197 953 2228; x_wconf 88' lang='lat' dir='ltr'>B</span> <span class='ocrx_word' id='word_1_277' title='bbox 972 2195 984 2238; x_wconf 82' lang='grc'><strong>11</strong></span> <span class='ocrx_word' id='word_1_278' title='bbox 1004 2194 1154 2240; x_wconf 85' lang='lat' dir='ltr'><strong>sanguis</strong></span> <span class='ocrx_word' id='word_1_279' title='bbox 1174 2197 1261 2230; x_wconf 77' lang='lat' dir='ltr'><strong>AaB</strong></span> <span class='ocrx_word' id='word_1_280' title='bbox 1280 2197 1293 2241; x_wconf 79' lang='grc'><strong>[1</strong></span> <span class='ocrx_word' id='word_1_281' title='bbox 1311 2206 1400 2230; x_wconf 91' lang='lat' dir='ltr'><strong>mo-</strong></span> 
     </span>
     <span class='ocr_line' id='line_1_36' title="bbox 105 2239 1398 2288; baseline 0.002 -15"><span class='ocrx_word' id='word_1_282' title='bbox 105 2239 260 2274; x_wconf 84' lang='lat' dir='ltr'><strong>menta</strong></span> <span class='ocrx_word' id='word_1_283' title='bbox 283 2242 314 2273; x_wconf 94' lang='lat' dir='ltr'>A</span> <span class='ocrx_word' id='word_1_284' title='bbox 332 2240 344 2284; x_wconf 87' lang='grc' dir='ltr'><strong>ΙΙ</strong></span> <span class='ocrx_word' id='word_1_285' title='bbox 363 2243 504 2275; x_wconf 79' lang='grc'>2-2-25</span> <span class='ocrx_word' id='word_1_286' title='bbox 532 2239 622 2284; x_wconf 88' lang='lat' dir='ltr'><strong>quid</strong></span> <span class='ocrx_word' id='word_1_287' title='bbox 653 2251 712 2276; x_wconf 91' lang='lat' dir='ltr'><strong>me</strong></span> <span class='ocrx_word' id='word_1_288' title='bbox 739 2252 844 2277; x_wconf 89' lang='lat' dir='ltr'><strong>amor</strong></span> <span class='ocrx_word' id='word_1_289' title='bbox 864 2243 994 2278; x_wconf 82' lang='lat' dir='ltr'><strong>omisso</strong></span> <span class='ocrx_word' id='word_1_290' title='bbox 1014 2253 1163 2278; x_wconf 85' lang='lat' dir='ltr'><strong>necesse</strong></span> <span class='ocrx_word' id='word_1_291' title='bbox 1184 2242 1207 2278; x_wconf 92' lang='lat' dir='ltr'><strong>f.</strong></span> <span class='ocrx_word' id='word_1_292' title='bbox 1223 2255 1249 2278; x_wconf 94' lang='lat' dir='ltr'><strong>r.</strong></span> <span class='ocrx_word' id='word_1_293' title='bbox 1266 2254 1299 2278; x_wconf 90' lang='lat' dir='ltr'><strong>a.</strong></span> <span class='ocrx_word' id='word_1_294' title='bbox 1317 2254 1346 2278; x_wconf 90' lang='lat' dir='ltr'><strong>c.</strong></span> <span class='ocrx_word' id='word_1_295' title='bbox 1363 2255 1398 2288; x_wconf 88' lang='lat' dir='ltr'><strong>g.</strong></span> 
     </span>
     <span class='ocr_line' id='line_1_37' title="bbox 105 2284 1399 2335; baseline 0.005 -15"><span class='ocrx_word' id='word_1_296' title='bbox 105 2284 141 2320; x_wconf 89' lang='lat' dir='ltr'><strong>h.</strong></span> <span class='ocrx_word' id='word_1_297' title='bbox 156 2297 188 2321; x_wconf 76' lang='lat' dir='ltr'><strong>a.</strong></span> <span class='ocrx_word' id='word_1_298' title='bbox 203 2298 239 2332; x_wconf 89' lang='lat' dir='ltr'><strong>p.</strong></span> <span class='ocrx_word' id='word_1_299' title='bbox 255 2298 286 2322; x_wconf 90' lang='lat' dir='ltr'><strong>c.</strong></span> <span class='ocrx_word' id='word_1_300' title='bbox 302 2298 334 2322; x_wconf 85' lang='lat' dir='ltr'><strong>a.</strong></span> <span class='ocrx_word' id='word_1_301' title='bbox 350 2298 380 2324; x_wconf 88' lang='lat' dir='ltr'><strong>c.</strong></span> <span class='ocrx_word' id='word_1_302' title='bbox 396 2299 422 2323; x_wconf 77' lang='lat' dir='ltr'><strong>S.</strong></span> <span class='ocrx_word' id='word_1_303' title='bbox 439 2289 466 2323; x_wconf 85' lang='lat' dir='ltr'><strong>t.</strong></span> <span class='ocrx_word' id='word_1_304' title='bbox 487 2287 630 2333; x_wconf 86' lang='lat' dir='ltr'><strong>gloriae</strong></span> <span class='ocrx_word' id='word_1_305' title='bbox 650 2290 704 2323; x_wconf 78' lang='lat' dir='ltr'><strong>Aa</strong></span> <span class='ocrx_word' id='word_1_306' title='bbox 723 2290 734 2334; x_wconf 78' lang='grc' dir='ltr'><strong>Η</strong></span> <span class='ocrx_word' id='word_1_307' title='bbox 754 2292 798 2324; x_wconf 82' lang='grc'><strong>29</strong></span> <span class='ocrx_word' id='word_1_308' title='bbox 826 2300 927 2335; x_wconf 89' lang='lat' dir='ltr'><strong>coep.</strong></span> <span class='ocrx_word' id='word_1_309' title='bbox 954 2289 1009 2325; x_wconf 84' lang='lat' dir='ltr'><strong>ita</strong></span> <span class='ocrx_word' id='word_1_310' title='bbox 1035 2302 1087 2335; x_wconf 88' lang='lat' dir='ltr'><strong>pr.</strong></span> <span class='ocrx_word' id='word_1_311' title='bbox 1102 2293 1129 2324; x_wconf 84' lang='lat' dir='ltr'>B</span> <span class='ocrx_word' id='word_1_312' title='bbox 1149 2292 1161 2335; x_wconf 78' lang='lat' dir='ltr'>ss</span> <span class='ocrx_word' id='word_1_313' title='bbox 1181 2294 1226 2326; x_wconf 91' lang='lat'><strong>30</strong></span> <span class='ocrx_word' id='word_1_314' title='bbox 1247 2291 1318 2335; x_wconf 85' lang='lat'><strong>*†.</strong></span> <span class='ocrx_word' id='word_1_315' title='bbox 1334 2319 1342 2327; x_wconf 92' lang='lat'>.</span> <span class='ocrx_word' id='word_1_316' title='bbox 1359 2293 1399 2333; x_wconf 87' lang='lat'><strong>.†</strong></span> 
     </span>
    </p>
   </div>
   <div class='ocr_carea' id='block_1_6' title="bbox 179 2351 1179 2386">
    <p class='ocr_par' dir='ltr' id='par_1_7' title="bbox 179 2351 1179 2386">
     <span class='ocr_line' id='line_1_38' title="bbox 179 2351 1179 2386; baseline 0.002 -8"><span class='ocrx_word' id='word_1_317' title='bbox 179 2351 363 2384; x_wconf 83' lang='lat' dir='ltr'><strong>Quintiliani</strong></span> <span class='ocrx_word' id='word_1_318' title='bbox 383 2353 467 2386; x_wconf 75' lang='lat' dir='ltr'><strong>decl.⁷</strong></span> <span class='ocrx_word' id='word_1_319' title='bbox 487 2353 533 2380; x_wconf 79' lang='lat' dir='ltr'><strong>ed.</strong></span> <span class='ocrx_word' id='word_1_320' title='bbox 554 2353 663 2379; x_wconf 76' lang='lat' dir='ltr'><strong>Ritter.</strong></span> <span class='ocrx_word' id='word_1_321' title='bbox 1136 2354 1179 2385; x_wconf 82' lang='grc'><strong>16</strong></span> 
     </span>
    </p>
   </div>
   <div class='ocr_carea' id='block_1_7' title="bbox 1441 444 1462 476">
    <p class='ocr_par' dir='ltr' id='par_1_8' title="bbox 1441 444 1462 476">
     <span class='ocr_line' id='line_1_39' title="bbox 1441 444 1462 476; baseline 0 0"><span class='ocrx_word' id='word_1_322' title='bbox 1441 444 1462 476; x_wconf 81' lang='grc'>5</span> 
     </span>
    </p>
   </div>
   <div class='ocr_carea' id='block_1_8' title="bbox 1442 742 1485 774">
    <p class='ocr_par' dir='ltr' id='par_1_9' title="bbox 1442 742 1485 774">
     <span class='ocr_line' id='line_1_40' title="bbox 1442 742 1485 774; baseline 0 0"><span class='ocrx_word' id='word_1_323' title='bbox 1442 742 1485 774; x_wconf 90' lang='grc'>10</span> 
     </span>
    </p>
   </div>
   <div class='ocr_carea' id='block_1_9' title="bbox 1438 1040 1480 1072">
    <p class='ocr_par' dir='ltr' id='par_1_10' title="bbox 1438 1040 1480 1072">
     <span class='ocr_line' id='line_1_41' title="bbox 1438 1040 1480 1072; baseline 0.024 -1"><span class='ocrx_word' id='word_1_324' title='bbox 1438 1040 1480 1072; x_wconf 87' lang='grc'>15</span> 
     </span>
    </p>
   </div>
   <div class='ocr_carea' id='block_1_10' title="bbox 1435 1338 1481 1369">
    <p class='ocr_par' dir='ltr' id='par_1_11' title="bbox 1435 1338 1481 1369">
     <span class='ocr_line' id='line_1_42' title="bbox 1435 1338 1481 1369; baseline 0.022 -1"><span class='ocrx_word' id='word_1_325' title='bbox 1435 1338 1481 1369; x_wconf 82' lang='grc'><strong>20</strong></span> 
     </span>
    </p>
   </div>
   <div class='ocr_carea' id='block_1_11' title="bbox 1428 1933 1475 1965">
    <p class='ocr_par' dir='ltr' id='par_1_12' title="bbox 1428 1933 1475 1965">
     <span class='ocr_line' id='line_1_43' title="bbox 1428 1933 1475 1965; baseline 0.021 -1"><span class='ocrx_word' id='word_1_326' title='bbox 1428 1933 1475 1965; x_wconf 89' lang='grc'><strong>30</strong></span> 
     </span>
    </p>
   </div>
  </div>
 </body>
</html>
