1586 2476
457 83 881 122 DECLAMATIONES.
907 84 1042 122 CCLII.
1333 85 1390 129 33

100 195 378 252 dignationes
408 194 572 237 accedit
597 193 768 237 metus?
799 196 828 248 †
858 193 1140 236 manifestum
1166 196 1270 249 erat,
1302 209 1391 238 non

97 255 290 298 futuram
340 253 610 297 sacerdotem
662 254 798 296 filiam
840 255 974 296 tuam.
1034 252 1147 296 forte
1189 253 1391 309 (dubiis)

80 313 369 370 -argumentis
400 313 483 356 hoc
515 313 689 368 colligo,
721 313 855 369 longa
881 315 924 355 et
948 312 1115 355 difficili
1143 314 1390 356 coniectura

96 373 370 430 probandum
394 375 522 427 puto:
553 373 721 416 locutus
753 375 820 415 est
850 372 1047 428 populus.
1093 373 1129 415 si
1156 372 1243 415 alia
1263 388 1391 428 quae-

96 447 280 488 cumque
309 432 418 475 mihi
444 432 562 474 fama
586 431 854 475 defendenda
873 431 999 487 foret,
1025 431 1212 474 dicerem
1231 435 1391 488 tamen,

97 492 277 535 iudices:
302 506 395 534 rem
421 506 514 534 esse
538 491 748 534 miraculo
776 491 976 547 similem,
1002 490 1118 547 quod
1145 506 1243 534 cum
1262 493 1391 548 pauci

97 552 153 595 ad
192 565 272 594 vos
314 553 451 594 testes
488 551 802 607 producuntur,
845 550 948 593 fidei
985 553 1156 594 vestrae
1198 552 1390 608 iurisque

97 610 269 653 iurandi
293 611 401 654 satis
422 610 566 653 idonei
586 615 784 654 auctores
803 610 1038 666 habentur3
1066 611 1267 666 quotiens
1287 626 1390 654 vero

99 670 291 713 civitatis
330 670 558 713 universae
594 685 830 713 consensus
870 673 914 713 et
951 684 1118 726 omnes,
1157 671 1229 726 qui
1274 671 1390 713 intra

96 729 212 772 hanc
244 729 389 772 sedem
422 732 536 784 sunt,
566 745 700 772 unum
732 730 899 785 aliquid
918 734 1170 785 certumque
1190 730 1391 785 dixerint,

97 803 248 832 rumor
278 791 469 832 vocatur.
521 789 567 832 in
603 789 700 831 aliis
731 789 915 832 fortasse
947 789 1040 832 falli
1071 790 1158 832 ista
1188 793 1390 846 possunt:

97 850 247 904 utique
271 862 422 891 verum
454 848 560 891 dicit
589 848 719 903 fama,
751 863 862 905 quae
894 849 945 890 de
973 863 1018 891 se
1042 849 1250 905 loquitur.
1294 850 1391 905 quis

97 907 215 950 enim
246 907 535 963 loquebatur?
567 908 789 964 populus„
828 908 879 951 de
912 922 997 963 qua
1027 909 1102 951 re‘?
1145 923 1276 964 quam
1307 909 1392 952 fac-

97 969 223 1009 turus
268 969 361 1009 erat
397 967 598 1022 populus.
666 982 763 1010 cum
804 967 856 1010 de
888 967 1077 1010 comitiis
1111 969 1391 1011 consentiunt

95 1040 308 1081 rumores,
341 1025 393 1068 de
432 1040 478 1068 se
516 1027 700 1083 quisque
731 1027 854 1082 dicit,
885 1027 1015 1070 »haec
1046 1027 1163 1069 fiet«
1207 1027 1290 1071 hoc
1322 1032 1390 1071 est

95 1085 249 1140 dicere,
279 1085 414 1128 »hanc
445 1086 639 1129 faciam«.
700 1100 789 1129 non
821 1089 888 1129 est
918 1087 1004 1130 ista
1035 1086 1172 1129 fama:
1212 1089 1390 1131 comitia

95 1147 209 1188 sunt.
261 1144 414 1200 Neque
446 1148 524 1198 est,
555 1145 670 1202 quod
702 1146 868 1201 mirari,
900 1146 1033 1202 dives,
1065 1149 1141 1188 aut
1173 1146 1391 1204 indignari

95 1204 241 1259 velis,
266 1204 312 1247 in
343 1205 532 1248 comitiis
564 1205 661 1261 plus
703 1220 831 1260 saepe
863 1220 1076 1261 pauperes
1108 1221 1256 1261 posse:
1300 1221 1390 1250 non

95 1264 244 1306 omnia
274 1267 460 1319 possunt
485 1279 588 1320 opes
614 1267 798 1320 vestrae,
829 1280 969 1321 neque
995 1265 1043 1307 in
1070 1266 1248 1320 cunctis,
1281 1281 1390 1321 quae

95 1322 330 1365 humanam
361 1324 586 1366 continent
617 1324 768 1379 vitam,
799 1324 975 1380 domina
1005 1325 1186 1379 pecunia
1213 1327 1291 1368 est.
1333 1326 1390 1367 la-

95 1382 183 1424 tius
226 1382 508 1437 possidebitis
554 1385 597 1425 et
637 1383 955 1426 numerosiores
994 1383 1180 1426 familias
1220 1388 1389 1428 vestras

95 1440 379 1496 ignorabitis,
420 1454 626 1497 magnam
669 1444 839 1498 partem
877 1443 1069 1485 civitatis
1117 1444 1391 1499 occupabunt

95 1499 250 1543 domus
281 1503 464 1556 vestrae,
504 1501 657 1557 ingens
688 1501 857 1557 pondus
891 1502 1064 1558 argenti
1095 1504 1390 1560 praestringet

95 1559 264 1616 oculos;
309 1560 383 1603 sed
426 1559 533 1603 haec
577 1561 694 1603 intra
737 1561 955 1617 privatum
999 1562 1163 1604 valent:
1208 1577 1306 1606 cum
1343 1564 1389 1606 in

95 1618 318 1674 publicum
358 1619 566 1662 veneritis
611 1622 654 1662 et
692 1620 737 1662 in
770 1635 984 1677 campum,
1022 1621 1291 1676 spectabitur
1327 1623 1388 1666 in-

95 1678 309 1734 nocentia,
339 1678 458 1721 fides.
498 1678 687 1722 forsitan
718 1681 886 1735 gratiae
919 1695 1088 1736 quoque
1119 1696 1207 1724 non
1233 1697 1390 1738 parum

95 1737 223 1780 nobis
261 1737 402 1780 adfert
439 1738 536 1793 ipsa
566 1738 777 1794 tenuitas,
820 1740 895 1782 ubi
932 1740 1143 1783 tabellam
1175 1756 1389 1797 pauperes

93 1795 257 1854 ferunt3
282 1799 378 1840 tum
398 1798 517 1840 subit
534 1798 668 1841 tacita
694 1813 906 1855 quemque
927 1800 1137 1856 cogitatio
1159 1802 1389 1856 superbiae

94 1859 279 1912 vestrae,
309 1859 405 1899 tum
437 1856 649 1912 omnium,
688 1866 798 1914 quas
830 1859 1013 1914 singulis
1043 1859 1207 1915 facitis,
1240 1861 1389 1904 iniuri-

93 1929 228 1958 arum.
302 1918 497 1959 attamen
541 1916 588 1959 in
637 1918 810 1973 ceteris,
859 1921 1056 1973 petentes
1103 1921 1385 1976 magistratus

143 2001 161 2032 1
189 1996 326 2032 accidit
350 2000 409 2031 Bc
428 1999 441 2042 ΙΙ
459 1997 793 2045 2*<dubiis>arg.;
808 1999 905 2035 forte
919 1999 1107 2047 <calidius
1120 2001 1175 2036 vel
1189 2001 1389 2050 cupidius>

94 2055 172 2090 arg.
198 2044 256 2080 Ro
284 2046 296 2090 ss
324 2049 345 2080 3
371 2045 396 2080 l.
423 2044 642 2091 difficilique
669 2045 763 2082 coni.
791 2050 925 2090 Anne,
953 2048 976 2083 l.
1004 2049 1043 2083 et
1069 2047 1216 2084 difficili
1243 2060 1266 2085 a
1291 2051 1388 2086 coni.

92 2094 146 2126 Ab
165 2093 178 2138 ΙΙ
197 2096 219 2127 5
243 2092 346 2127 fama
370 2092 464 2128 mibi
488 2096 514 2127 Β
534 2094 546 2137 ΙΙ
566 2097 586 2128 7
614 2093 701 2138 quia
726 2094 813 2130 fidei
839 2098 892 2129 Aa
911 2096 921 2139 ΙΙ
941 2094 1086 2140 iurique
1113 2096 1271 2133 iurando
1298 2097 1380 2143 Schl

94 2142 116 2174 8
141 2140 292 2175 autores
319 2143 342 2173 G
379 2142 391 2186 ΙΙ
430 2144 472 2176 13
499 2152 578 2176 rem
602 2144 666 2185 Aa,
692 2153 758 2177 reu
783 2145 836 2176 Ab
867 2144 878 2188 ΙΙ
918 2147 960 2178 17
988 2154 1056 2179 nec
1084 2147 1106 2176 c
1143 2145 1155 2189 Η
1194 2144 1388 2190 indignare

94 2187 188 2232 AB}
210 2190 252 2222 18
277 2187 362 2232 plus
388 2199 535 2233 semper
558 2199 594 2233 p.
620 2191 647 2222 B
667 2190 679 2233 ss
699 2193 743 2224 19
769 2193 923 2235 possent
947 2193 1018 2233 Aa,
1044 2192 1114 2236 psit
1139 2194 1166 2225 B
1196 2193 1208 2236 {l
1235 2196 1279 2228 23
1306 2204 1383 2238 per-

95 2233 255 2280 stringet
279 2236 437 2280 ΔΒ1125
463 2235 610 2271 veneris
635 2239 698 2270 AB
718 2238 729 2281 Η
750 2240 793 2272 29
822 2248 935 2282 quam
960 2241 1041 2281 AB,
1069 2250 1141 2284 qua
1168 2239 1205 2274 in
1233 2244 1267 2283 c,
1295 2251 1386 2276 corr.

95 2279 145 2315 Pa·
166 2282 180 2324 ΙΙ
203 2281 313 2317 factis
339 2285 399 2316 Ac
425 2284 436 2327 ΙΙ
461 2282 637 2318 iniuriam
663 2286 726 2318 AB
746 2287 758 2329 Η
778 2288 822 2320 30
849 2296 891 2320 ac
917 2286 1045 2321 tamen
1071 2289 1100 2320 A

169 2345 355 2378 Quintiliani
376 2348 460 2381 decL,
481 2348 527 2375 cd.
548 2349 655 2374 Ritter.
1150 2350 1170 2381 3

1419 742 1461 774 10

1418 1040 1461 1071 15

1416 1337 1461 1369 20

1417 1635 1460 1666 25

1413 1933 1458 1964 30
