1604 2488
165 737 207 769 10

164 1027 206 1059 15

162 1317 207 1348 20

161 1607 208 1638 25

161 1897 206 1928 30

234 99 255 140 1
263 99 316 140 88
710 98 1010 141 QUINTILIANI

233 220 313 260 que
356 206 408 247 ad
440 206 600 247 crimen
630 206 852 261 legemque
882 219 969 247 non
999 206 1224 259 pertinent.
1286 205 1486 262 Sequitur

233 277 353 318 ergo,
396 267 444 304 ut
481 263 537 305 sit
573 264 814 318 proximum
852 263 1026 318 crimen,
1069 264 1180 318 quod
1215 265 1260 306 in
1294 265 1485 307 ministe-

232 322 297 363 rio
329 321 458 363 fuerit
487 321 575 363 filia
605 336 709 363 mea.
764 322 919 362 iterum
951 322 1216 364 accusabitur
1245 325 1484 378 paupertas.

234 379 334 433 quid
366 393 467 435 ergo
498 393 576 421 nos
606 379 744 421 facere
775 379 928 421 iubes?
961 393 1098 421 emere
1127 394 1214 422 non
1241 394 1486 435 possumus3

235 437 364 478 etiam
391 437 427 478 si
454 437 554 492 quid
578 452 627 479 ex
657 437 879 479 cotidianis
901 439 1120 491 supererat
1136 438 1364 494 laboribus,
1389 438 1486 480 edu-

237 495 348 536 catio
376 495 582 536 exhausit.
613 498 854 537 mutuemur
881 509 982 550 ergo
1003 498 1045 537 et
1064 495 1215 537 alienis
1239 496 1485 546 ministeriis

233 553 426 595 lautitias
441 556 603 595 vestras
617 553 845 608 imitemur,
860 555 1064 607 quantum
1076 555 1219 608 potest
1233 554 1326 609 quis
1335 554 1484 609 (que).

234 610 343 665 apud
375 625 449 652 vos
481 611 546 652 illi
578 624 728 666 greges
762 611 1068 665 ministrorum,
1098 611 1209 666 apud
1233 625 1309 653 vos
1335 626 1486 654 aurum

234 671 276 710 et
307 672 543 723 argentum.
594 669 876 710 ministerium
908 682 1008 724 ergo
1039 669 1123 710 fuit
1154 683 1204 710 ex
1234 683 1342 711 meo.
1398 683 1487 711 non

233 729 298 768 est
335 727 446 768 istud
484 726 671 768 deforme
707 727 983 782 pauperibus:
1020 741 1119 769 nam
1157 729 1199 769 et
1229 727 1267 768 si
1295 727 1342 768 in
1371 727 1487 769 aliud

234 783 317 825 diei
353 787 522 839 tempus
559 785 797 839 incidisses,
838 787 931 827 tum
968 799 1134 840 quoque
1164 784 1246 826 tibi
1275 784 1488 827 videretur

234 842 406 885 ancilla:
443 843 622 884 vidisses
659 858 791 897 pensa
827 843 1064 885 facientem.
1125 843 1215 884 filia
1250 842 1383 897 igitur
1413 843 1488 884 mi·

231 900 445 953 nistravit‚
477 902 585 942 sicut
615 901 722 942 mihi
755 902 874 943 solet.
933 901 1018 942 nisi
1048 901 1210 943 veritus
1241 915 1396 956 essem,
1433 915 1488 943 ne

230 958 312 999 tibi
349 933 553 1000 invi'diam
590 959 682 1000 fieri
719 962 908 1025 putares,
945 959 1028 1000 nisi
1065 973 1131 1000 me
1169 958 1379 1013 frequenti
1408 958 1487 1000 hu-

233 1016 438 1058 manitate
480 1017 524 1058 in
565 1017 724 1059 honore
766 1017 1000 1071 posuisses,
1042 1030 1121 1071 ego
1164 1016 1488 1058 ministrassem.

232 1073 344 1115 Hinc
377 1088 543 1128 quoque
574 1088 755 1128 remove,
787 1075 899 1129 quod
929 1077 977 1116 tu
1007 1074 1165 1116 fecisti:
1198 1088 1285 1115 non
1317 1076 1382 1116 est
1412 1073 1487 1115 cir-

233 1132 524 1187 cumscriptio,
562 1133 674 1187 quod
708 1134 997 1186 interrogatus
1027 1131 1260 1174 verecunde
1290 1131 1488 1186 respondi

233 1193 292 1242 et,
330 1204 423 1231 cum
462 1190 568 1231 mihi
605 1193 745 1239 tecum
778 1190 987 1244 coepisset
1016 1204 1151 1231 novus
1182 1203 1303 1243 usus,
1339 1189 1488 1231 erubui

232 1248 363 1289 videri
396 1248 484 1289 sine
517 1249 682 1290 ancilla.
738 1248 820 1290 hoc
850 1248 952 1289 mali
981 1247 1112 1289 habet
1144 1247 1339 1289 ambitus.
1395 1260 1488 1300 pec-

232 1319 350 1347 casse
392 1320 460 1348 me
497 1306 651 1348 fateor:
696 1306 917 1348 dicendum
955 1306 1037 1347 fuit
1073 1319 1232 1348 verum.
1299 1304 1372 1347 sed
1407 1305 1489 1347 hac

231 1378 369 1418 poena
406 1366 530 1419 potes
568 1379 658 1406 esse
696 1366 936 1406 contentus:
975 1377 1060 1405 non
1096 1363 1253 1418 inpune
1282 1363 1377 1405 feci.
1437 1375 1489 1404 en

232 1436 339 1476 quae
365 1437 390 1463 a
415 1436 482 1463 me
507 1422 622 1464 facta
649 1425 760 1475 sunt,
785 1422 889 1463 haec
909 1424 1026 1463 sunt:
1050 1421 1206 1475 hi<n>c
1226 1435 1293 1462 me
1313 1421 1487 1463 circum-

234 1481 478 1534 scriptionis
510 1494 672 1532 accusa,
704 1480 813 1521 nihil
843 1480 936 1534 ipse
959 1480 1123 1522 feceris.
1166 1493 1269 1520 num
1294 1478 1419 1533 enim,
1451 1477 1488 1519 si

231 1541 278 1578 tu
317 1537 427 1579 nihil
464 1539 752 1592 concupisses,
787 1552 873 1580 non
910 1538 1144 1592 rapuisses,
1180 1538 1351 1591 poterat
1382 1535 1488 1578 mihi

233 1594 344 1637 obici
370 1595 736 1649 circumscriptio?
761 1595 843 1637 hoc
867 1609 969 1649 ergo
996 1595 1145 1650 exigis,
1167 1597 1216 1636 ut
1234 1607 1313 1648 ego
1331 1608 1489 1636 nocens

234 1653 314 1695 sim
343 1667 431 1695 non
463 1667 513 1694 ex
543 1667 638 1695 meo
671 1653 799 1707 facto,
829 1653 903 1695 sed
934 1668 984 1695 ex
1015 1656 1104 1695 tuo.

320 1711 425 1766 Age,
455 1725 524 1753 res
554 1711 723 1765 quidem
747 1711 842 1765 ipsa
866 1710 1041 1752 crimine
1068 1712 1195 1763 caret,
1222 1709 1295 1751 sed
1320 1709 1487 1751 animus

233 1772 454 1823 suspectus
499 1769 593 1811 est?
644 1768 744 1824 quid
783 1771 848 1811 est
878 1768 1037 1824 igitur?
1087 1782 1154 1809 me
1187 1766 1385 1809 credibile
1423 1769 1489 1808 est

233 1827 604 1869 circumscribendi
629 1829 771 1868 mente
795 1827 973 1869 fecisse?
999 1826 1186 1879 invitavi,
1210 1827 1259 1867 ut
1283 1824 1487 1879 raperes?

230 1899 366 1939 neque
398 1885 511 1926 enim
541 1888 711 1940 poterat
743 1885 944 1939 dubitari,
978 1884 1081 1939 quin
1112 1897 1347 1938 quaereres,
1378 1897 1487 1937 quae

231 1943 515 1999 ministraret3
545 1946 588 1985 et
613 1958 706 1986 cum
732 1943 1053 1997 interrogasses,
1081 1943 1242 1983 certum
1269 1942 1360 1982 erat
1385 1939 1489 1994 fore,

326 2061 345 2092 6
371 2058 556 2092 intuemur
574 2059 601 2090 B
620 2058 631 2102 Η
651 2061 670 2092 ’1
697 2057 907 2092 lautitia
919 2068 934 2091 s
959 2059 988 2090 A
1006 2057 1018 2100 ss
1035 2056 1225 2090 mittemur
1242 2057 1282 2100 B,
1300 2053 1489 2090 imitamur

230 2107 255 2137 P
287 2104 297 2148 ΙΙ
329 2103 534 2150 quis<que>
560 2103 663 2148 Sch!
704 2107 746 2138 10
772 2104 828 2138 est
854 2114 919 2138 om.
945 2106 1029 2136 AaB
1057 2103 1069 2146 ΙΙ
1101 2106 1142 2136 12
1168 2112 1318 2146 pensa
1341 2103 1371 2134 A
1400 2101 1412 2145 ΙΙ
1443 2103 1487 2135 14

229 2150 403 2185 invidia
428 2154 457 2183 A
476 2152 488 2196 ῃ
514 2154 556 2185 19
583 2104 733 2185 abi'tus
758 2150 878 2194 Δ1121
907 2150 944 2184 et
970 2151 1043 2192 AB,
1069 2159 1158 2184 corr
1179 2148 1266 2192 Ron
1283 2151 1328 2182 22
1347 2145 1487 2194 hi<n>c

230 2197 287 2232 Ro
305 2197 316 2242 ΙΙ
336 2199 380 2231 25
399 2198 440 2231 ut
460 2207 546 2242 ergo
566 2209 601 2231 n.
615 2199 667 2230 Aa
685 2198 696 2240 ΙΙ
716 2200 853 2231 27—28
867 2195 1007 2231 animos
1020 2177 1204 2240 dispectus
1216 2197 1270 2228 Aa
1287 2195 1298 2239 u
1317 2197 1362 2229 30
1375 2204 1487 2237 quae-

228 2255 311 2279 rens
335 2246 435 2278 B—-P
