1586 2476
480 105 903 145 DECLAMATIONES.
930 105 1063 143 CCLK
1354 104 1411 147 65

125 221 280 264 melius
313 234 362 262 ac
393 218 552 273 maius,
589 231 784 260 servasse
816 230 939 259 suum
972 229 1199 258 numerum
1231 213 1413 269 civitati,

126 295 228 324 suos
261 278 463 322 ordines?
497 293 554 320 an
583 291 686 320 vero
715 276 828 328 illos,
859 275 933 332 qui
957 275 1158 330 ingentes
1184 274 1413 317 noxiorum

125 339 317 382 familias
355 337 540 381 occisuri
570 340 717 379 tamen
747 337 947 391 pascunt,
983 335 1138 390 plausu
1168 333 1412 377 fovebimus

126 402 170 442 et
207 399 254 441 in
291 397 492 440 omnibus
526 395 782 452 spectaculis
816 394 1066 437 adulatione
1097 393 1235 436 multa
1267 407 1413 448 prose-

126 472 326 515 quemur:
358 457 490 511 hunc,
522 455 595 512 qui
627 457 795 510 partem
828 454 1005 508 civium,
1041 453 1207 495 levibus
1239 452 1413 495 offensis

126 517 342 571 miseram,
374 517 591 559 sustentat
622 529 671 557 ac
701 514 995 569 paenitentiae
1026 527 1127 555 suae
1155 526 1414 568 suorumque

125 550 344 633 integrani
364 577 522 629 servat,
540 575 636 631 lege
657 573 789 617 etiam
803 573 1062 630 gravissima
1078 571 1415 628 persequemur?

127 635 229 691 quid
267 635 383 678 enim
418 608 546 677 nobis
587 636 678 676 tam
708 633 925 687 naturale,
971 631 1073 688 quid
1105 632 1159 674 ab
1192 631 1288 686 ipsa
1320 645 1416 687 pro-

129 695 322 738 videntia
353 694 495 750 magis
528 693 677 735 datum
709 706 1047 747 concessumque
1084 691 1222 734 videri
1259 693 1416 746 potest,

127 769 259 811 quam
285 754 400 796 alere
424 753 622 796 homines
649 767 698 795 ac
725 751 967 795 sustinere?
1000 753 1120 793 muta
1147 765 1216 793 me
1241 750 1417 792 hercule

128 813 353 868 animalia,
393 827 502 868 quae
539 812 688 854 venire
725 811 779 854 ad
816 826 994 853 manum
1032 813 1075 852 et
1116 823 1416 852 mansuescere

129 875 310 929 queunt,
342 887 430 914 non
461 871 696 914 humanum
730 870 872 925 modo,
917 870 991 913 sed
1024 870 1156 912 etiam
1188 869 1417 924 voluptuo-

131 947 225 975 sum
259 934 326 975 est
358 932 471 974 alere
505 946 554 974 ac
585 945 771 986 pascere.
820 930 922 986 quid
955 929 1006 971 de
1039 929 1214 972 1101111110
1247 928 1416 970 dicam?

128 991 414 1048 quisquamne
439 990 579 1046 magis
604 990 828 1045 negotium
853 989 1086 1045 publicum,
1114 1003 1203 1031 non
1229 988 1417 1030 civitatis

130 1050 279 1105 modo,
325 1050 400 1093 sed
443 1051 580 1093 totius
620 1064 766 1092 rerum
803 1053 986 1092 naturae
1024 1048 1134 1105 agit,
1177 1062 1306 1103 quam
1345 1047 1420 1103 qui

132 1110 294 1152 animal
330 1110 413 1152 hoc
451 1109 530 1152 deo
567 1109 810 1164 proximum
849 1110 892 1150 et
931 1108 977 1150 in
1009 1107 1420 1162 contemplationem

131 1170 340 1225 omnium,
371 1183 663 1224 quaecumque
695 1168 854 1211 mundo
887 1167 1178 1223 contigerunt,
1211 1167 1421 1208 constitu-

129 1231 224 1271 tum
255 1232 443 1284 porogat
474 1228 787 1284 producitque‘?
819 1228 893 1282 qui
924 1241 1027 1282 opes
1055 1241 1154 1269 suas
1181 1226 1227 1268 in
1246 1225 1420 1280 publico

132 1288 292 1343 posuit,
323 1302 409 1343 quo
441 1287 657 1343 locuplete
681 1301 808 1330 nemo
834 1300 997 1342 pauper
1024 1288 1103 1340 est,
1133 1299 1259 1328 nemo
1294 1284 1421 1341 eget?

221 1346 257 1390 Ο
290 1348 449 1389 misera
479 1347 694 1402 tempora!
743 1346 826 1388 hoc
859 1345 1176 1387 defendendum
1209 1343 1305 1386 est‘?
1343 1344 1420 1386 sci-

132 1405 236 1448 licet
277 1406 384 1448 illud
427 1406 671 1460 honestius,
714 1406 873 1448 liberos
919 1404 1114 1446 sublatos
1159 1404 1332 1459 iamque
1376 1403 1423 1444 in

136 1464 472 1508 adulescentiam
503 1467 731 1520 provectos
769 1464 927 1519 pellere
959 1463 1087 1506 domo
1120 1465 1162 1505 et
1192 1462 1423 1518 prohibere

136 1523 368 1580 penatibus
401 1526 444 1566 et
476 1524 638 1566 omissa
670 1523 926 1566 emendandi
958 1537 1058 1566 cura
1090 1523 1151 1565 sic
1178 1523 1343 1578 punire,
1374 1525 1423 1564 ut

135 1583 206 1626 his
238 1584 428 1626 succurri
458 1598 544 1626 non
578 1583 719 1626 liceat.
779 1582 1044 1638 „Abdicatos
1076 1582 1122 1624 in
1153 1581 1328 1624 domum
1360 1595 1422 1623 re-

134 1643 241 1698 cipit
267 1645 309 1686 01
333 1642 510 1698 pascit-.“
550 1641 621 1686 Sic
646 1642 775 1697 istud,
794 1645 1021 1698 tamquam
1046 1641 1293 1698 sacrilegos,
1312 1644 1422 1683 tam·

137 1717 269 1758 quam
299 1701 551 1757 homicidas,
581 1704 806 1758 tamquam
837 1701 1058 1744 latrones?
1106 1701 1143 1743 si
1173 1704 1264 1743 tam
1290 1714 1423 1757 grave

137 1762 299 1804 crimen
329 1764 396 1804 est
421 1764 562 1804 aetate
587 1761 692 1816 labi,
724 1762 760 1803 si
785 1764 878 1803 tam
904 1760 1168 1817 inexpiabile
1194 1760 1424 1802 offendisse

137 1820 370 1877 aliquando
414 1823 642 1876 paternam
675 1821 970 1863 severitatem:
1012 1835 1147 1863 novas
1181 1819 1424 1875 excogitate

135 1881 275 1936 leges,
312 1880 531 1936 asperiora
570 1881 716 1936 aliqua
760 1879 1011 1923 constituite
1054 1879 1277 1934 supplicia.
1343 1878 1423 1921 hos

136 1939 175 1982 si
210 1953 384 1995 pascere
422 1953 510 1982 non
540 1939 662 1995 licet,
698 1954 852 1995 parum
885 1941 952 1981 est
982 1938 1192 1981 abdicare.
1250 1938 1423 1991 Audite,

232 2059 254 2091 3
281 2055 490 2092 occisorum
516 2059 570 2090 Aa
600 2058 611 2102 Η
643 2060 664 2091 4
697 2056 913 2091 adulatione
939 2055 1059 2091 multa
1086 2058 1133 2099 A,
1167 2055 1215 2090 ad
1241 2055 1425 2091 ultionem

137 2114 296 2151 multam
320 2118 348 2149 B
367 2116 379 2160 ΙΙ
401 2119 444 2150 10
469 2116 589 2151 multa
608 2118 634 2149 B
654 2116 665 2159 l}
685 2114 802 2150 nihil
828 2126 926 2151 esse
952 2115 1020 2150 int
1048 2115 1228 2150 laudem
1254 2125 1426 2161 genera

138 2162 383 2198 sublimius
418 2174 547 2208 quam
582 2162 841 2199 hominibus
877 2162 1097 2198 alimonia
1135 2174 1223 2198 non
1258 2172 1425 2207 negare

139 2210 200 2255 All
220 2213 263 2246 17
290 2210 526 2246 continentur
539 2210 590 2256 (ἓ)
612 2210 671 2246 Ro
690 2211 701 2254 ιι
723 2212 765 2244 18
793 2210 857 2256 qui
882 2221 948 2246 om.
963 2212 990 2243 B
1010 2211 1022 2255 ss
1042 2213 1086 2244 20
1109 2208 1150 2237 Ν
1174 2213 1204 2244 Δ
1222 2212 1233 2255 11
1254 2213 1298 2244 22
1326 2221 1425 2254 pro—

137 2257 218 2302 1·οἑ
241 2260 282 2300 Δ,
308 2259 354 2301 cf.
380 2269 468 2293 vers.
491 2262 539 2294 17
558 2260 569 2303 ΙΙ
589 2262 634 2294 25
659 2260 838 2302 tanquam
864 2257 1072 2293 homicidas
1099 2268 1164 2293 om.
1192 2260 1218 2291 B
1239 2260 1250 2303 Ι]
1271 2261 1316 2292 30
1342 2268 1425 2302 par-

139 2314 228 2339 vum
246 2307 278 2338 3
297 2306 308 2349 [l
329 2305 455 2341 audite
482 2306 609 2341 audite
634 2318 669 2351 p.
697 2308 727 2338 Δ

212 2370 399 2402 Quintiliani
419 2371 505 2404 deci„
525 2371 571 2397 ed.
592 2372 700 2397 Ritter.
1193 2367 1212 2397 5

1446 761 1487 791 10

1447 1355 1491 1386 20

1449 1651 1494 1683 25

1450 1949 1495 1981 30
