1604 2488
482 99 910 143 DECLAMATIONES.
949 99 1119 136 CCCVH.
1349 98 1434 141 207

146 224 225 265 per
253 211 473 252 tormenta
503 209 648 265 potius
681 211 972 264 quaereretur.
1018 208 1093 250 sed
1124 211 1338 264 quatenus
1363 223 1434 251 ne-

147 267 286 325 quitia
317 268 543 311 obviatum
577 271 643 312 est
668 269 768 324 legi,
799 268 1016 324 reliquum
1048 270 1126 323 est,
1156 270 1206 310 ut
1235 267 1306 311 hic
1334 282 1434 310 reus

148 328 215 371 sit.
278 342 328 370 ac
364 328 555 383 primum
601 329 794 370 omnium
831 341 944 382 nego
991 327 1087 369 fieri
1129 328 1343 383 potuisse,
1386 330 1435 370 ut

146 387 348 443 proditor
379 388 576 430 conscios
606 402 694 430 non
722 387 915 430 haberet.
958 386 1187 429 intuemini
1218 390 1436 443 naturam,

145 446 376 489 intuemini
401 447 746 503 magnitudinem
773 447 958 489 sceleris.
1005 446 1186 501 prodere
1211 447 1432 501 populum,

146 505 386 561 civitatem,
425 506 676 561 exercitum,
713 520 802 548 non
835 509 902 548 est
931 506 1070 548 unius.
1133 505 1180 546 in
1210 506 1293 548 hoc
1324 505 1434 548 mihi

146 579 235 608 non
266 568 333 608 est
356 565 656 608 laborandum.
703 579 805 608 nam
830 566 912 619 leX,
945 580 1053 620 quae
1079 566 1273 620 torqueri
1298 565 1432 620 iubet,

145 624 282 667 donec
320 625 516 667 conscios
547 625 725 679 indicet,
763 638 852 667 non
883 625 1056 667 dubitat
1087 625 1284 667 conscios
1326 638 1434 667 esse.

144 683 254 726 vidit
285 684 414 737 enim,
447 686 613 739 quanta
645 686 759 727 esset
786 684 902 726 inter
929 699 975 727 se
1001 684 1318 740 quodammodo
1346 698 1432 726 sce*

142 743 380 786 leratorum
412 743 532 798 fides,
569 743 773 800 quamdiu
803 746 1010 786 tacerent.
1073 743 1222 798 itaque
1252 757 1340 785 non
1371 743 1434 785 sie

145 803 356 858 scriptum
401 806 467 845 est
515 803 790 858 »proditor
833 805 1133 858 torqueatur«,
1179 802 1254 844 sed
1297 805 1434 845 »tor-

144 865 366 917 queatur
409 862 569 905 donec
619 862 856 905 conscios
903 862 1149 904 indicet«z
1195 862 1302 904 adeo
1347 862 1435 917 ille,

144 921 218 976 qui
260 921 454 964 nondum
497 921 724 976 indicavit,
769 920 909 963 adhuc
953 935 1044 964 non
1082 923 1148 963 est
1183 935 1261 976 pro
1303 923 1434 964 torto.

143 994 247 1036 ergo
285 982 334 1022 ut
365 981 603 1024 maioribus
636 981 799 1023 nostris
832 981 971 1022 visum
1005 982 1088 1035 est,
1129 981 1202 1033 [si]
1238 981 1432 1023 conscios

142 1038 310 1082 habuit.

230 1097 487 1154 Videamus,
526 1114 634 1154 quos
672 1099 886 1141 habuerit.
947 1099 1118 1140 nullum
1155 1098 1319 1141 factum
1362 1099 1431 1140 de-

140 1157 307 1212 prendi,
342 1158 512 1200 nullum
545 1159 833 1200 conscientiae
866 1158 1040 1213 signum
1073 1160 1288 1213 putemus,
1320 1172 1433 1200 mor-

141 1218 268 1258 tuum
293 1231 399 1270 esse,
442 1220 677 1272 antequam
702 1219 999 1273 torqueretur:
1025 1231 1297 1272 quaeramus,
1324 1231 1432 1272 quos

142 1275 338 1318 conscios
380 1275 596 1319 habuerit.
656 1291 799 1319 nonne
837 1277 944 1318 illud
982 1290 1116 1332 genus
1162 1275 1432 1331 quaestionis

138 1334 491 1390 praecipiendum
534 1339 621 1389 est,
668 1350 795 1391 quem
833 1335 1037 1378 habuerit
1076 1334 1293 1378 amicum?
1342 1350 1431 1377 non

140 1396 305 1436 temere
360 1394 488 1436 debet
531 1369 746 1437 indicasse
795 1397 945 1437 tantae
994 1395 1057 1437 rei
1107 1394 1430 1437 conscientiam.

140 1452 296 1509 Longa
333 1454 597 1496 consuetudo
605 1487 616 1508 ,
653 1456 777 1496 vetus
820 1454 1013 1496 amicitia
1043 1454 1167 1509 facit,
1204 1455 1255 1497 ut
1284 1454 1431 1496 veniat

145 1513 242 1568 quis
268 1512 312 1554 in
334 1513 511 1555 sceleris
533 1513 799 1555 societatem.
831 1513 1018 1555 amicum
1037 1487 1175 1568 igitui·
1192 1512 1429 1568 proditoris

143 1573 188 1613 te
220 1571 353 1614 fuisse
382 1572 549 1628 negas?
582 1572 670 1614 iam
697 1573 734 1614 si
758 1574 802 1614 te
828 1573 1167 1628 interrogavero,
1200 1586 1332 1628 quare
1358 1571 1427 1614 de-

143 1630 257 1673 deris
289 1645 517 1687 venenum,
547 1631 830 1687 respondebis
856 1634 1101 1687 „tormenta
1125 1632 1255 1674 tertio
1282 1631 1427 1674 videre

139 1703 229 1732 non
258 1694 477 1745 poteram:
508 1706 629 1734 meos
662 1693 795 1745 artus,
826 1706 923 1733 mea
952 1692 1135 1734 lacerari
1161 1691 1327 1734 viscera
1350 1706 1428 1746 pu-

138 1749 327 1793 tabam“.
383 1750 528 1806 iungit
566 1750 680 1792 enim
719 1750 935 1793 amicitias
968 1751 1208 1793 similitudo
1241 1765 1429 1793 morum:

138 1809 285 1852 nescio
324 1810 540 1865 quomodo
579 1810 693 1852 inter
732 1825 826 1853 sese
867 1810 1111 1853 animorum
1147 1811 1330 1852 numina
1367 1809 1429 1852 vi-

142 1867 246 1911 dent
277 1871 321 1911 et
352 1871 610 1925 agnoscunt3
651 1884 730 1912 nec
769 1869 999 1925 quisquam
1036 1884 1181 1912 amare
1213 1870 1260 1911 in
1292 1870 1429 1911 altero

236 2012 255 2043 1
281 2009 490 2054 nequitiam
515 2012 582 2044 AB
614 2010 626 2055 l}
658 2013 678 2044 2
706 2009 856 2045 obviam
884 2011 940 2045 est
965 2012 1035 2054 Aa3
1072 2010 1223 2046 obviam
1248 2010 1346 2045 itum
1370 2011 1428 2045 est

134 2055 200 2092 Bu
223 2056 236 2102 ss
263 2061 283 2092 7
308 2068 407 2092 nunc
432 2058 491 2092 est
515 2057 539 2092 1.
566 2060 614 2101 A,
646 2068 722 2092 non
746 2069 792 2093 ne
819 2059 876 2093 est
901 2057 925 2092 l.
951 2060 978 2091 B
1006 2059 1017 2103 ΙΙ
1046 2062 1087 2092 11
1116 2058 1181 2093 sed
1206 2059 1428 2102 torqueatur

135 2113 204 2140 om.
229 2106 257 2138 B
276 2104 288 2150 ΙΙ
310 2107 352 2140 12
380 2104 495 2140 docec
520 2107 547 2138 B
567 2106 578 2151 ΙΙ
600 2109 644 2139 14
670 2104 932 2140 maloi-ibusA
901 2106 962 2150 An
982 2105 1014 2140 si
1039 2108 1125 2150 AB,
1151 2105 1224 2141 iste
1250 2105 1340 2149 Sch,
1366 2116 1428 2140 εω-

137 2151 225 2187 clus.
250 2151 310 2188 Ro
334 2155 368 2187 et
393 2152 465 2196 Ri;
490 2164 541 2188 an
565 2152 714 2188 *visum
741 2154 799 2188 est
822 2151 1021 2200 <conscios
1047 2134 1218 2201 habuit).
1245 2151 1278 2188 si
1304 2163 1425 2189 conse.

138 2201 201 2234 etc.
226 2198 276 2244 (ἓ)
301 2200 314 2245 Ι]
340 2203 384 2235 16
409 2199 619 2235 iudicamus
645 2203 671 2233 P
695 2200 707 2244 ss
733 2200 962 2245 deprehendi
986 2203 1013 2234 Β
1039 2202 1050 2246 ΙΙ
1071 2204 1116 2236 26
1142 2202 1268 2236 arctus
1294 2203 1396 2234 B—I’
1415 2201 1429 2243 l}

137 2247 182 2279 28
208 2257 296 2281 non
325 2257 460 2292 posse
491 2247 662 2283 amicos
695 2258 792 2282 esse
823 2247 915 2282 nisi
948 2247 1026 2293 qui
1052 2248 1229 2283 similes
1254 2248 1428 2283 habent

138 2303 284 2328 mores
309 2298 343 2330 et
370 2298 411 2330 Ν
441 2297 471 2329 Δ
490 2296 501 2341 ΙΙ
519 2295 674 2331 nomina
699 2295 939 2339 Aa,1umina
967 2295 1042 2332 Obr
1060 2297 1071 2341 11
1091 2299 1135 2331 29
1162 2306 1208 2331 ne
1235 2299 1264 2329 A

1459 456 1481 488 5

1461 753 1504 785 10

1459 1050 1502 1082 15

1456 1346 1501 1378 20

1454 1642 1498 1675 25
