1604 2488
455 103 885 142 DECLAMATIONES.
912 102 1133 140 CCXCVIII.
1355 104 1372 143 1
1384 101 1440 143 75

153 215 227 272 qui
262 214 465 270 patiaris,
510 214 624 271 quod
666 214 747 257 vis.
813 212 934 256 Haec
971 212 1176 266 dicerem,
1220 211 1256 253 si
1294 214 1438 254 tecum

154 274 347 330 asperius
373 274 697 317 contenderem:
722 287 837 316 nunc
862 275 963 315 ante
989 271 1135 315 omnia
1156 271 1219 313 rei
1237 270 1438 326 publicae

153 335 366 387 causa[m]
398 335 543 376 tecum
577 347 672 389 ago.
735 347 919 389 aequum
951 334 1029 387 est,
1061 331 1205 373 salvos
1238 344 1332 372 esse
1355 329 1437 372 hos

151 393 302 436 oculos
329 396 373 435 et
397 393 656 436 incolumes:
688 392 827 434 multa
852 391 1053 434 adferunt
1073 404 1209 445 casus,
1233 389 1436 445 frequens

149 452 312 495 bellum
351 454 427 495 est.
491 451 755 508 Detegemus
792 451 874 493 tibi
913 451 1044 493 etiam
1088 449 1216 492 huius
1262 448 1435 491 mulier·
1462 459 1484 491 5

149 511 272 554 culae
305 511 518 565 adfectus,
557 526 640 567 quo
671 511 812 567 magis
843 513 888 553 te
919 525 1011 552 rem
1042 512 1134 552 tam
1167 523 1344 564 gravem
1376 508 1437 551 fe-

148 570 259 614 cisse
289 571 520 627 paeniteat.
569 571 675 613 haec
708 584 932 613 excaecare
958 573 1001 612 te
1032 583 1118 612 non
1151 568 1307 623 potuit.
1351 582 1437 610 me-

149 630 278 673 minit
302 633 549 686 temporum
575 630 858 686 superiorum,
890 629 1090 671 meminit
1113 628 1301 683 illarum,
1327 641 1435 683 quas

149 689 382 745 aliquando
409 704 657 732 communes
682 689 905 744 habuistis,
923 688 1212 744 voluptatum,
1237 686 1436 729 meminit

149 750 311 792 amoris
342 750 420 792 tui.
461 749 594 805 digna
625 751 702 804 est,
734 749 802 791 cui
827 763 1004 790 manum
1030 747 1289 790 commodes.
1333 760 1434 788 nam
1463 757 1509 789 10

147 808 190 850 id
223 823 390 865 quoque
422 809 491 851 lex
519 808 757 852 iustissime
784 808 1023 862 constituit,
1055 808 1250 863 praestet
1276 806 1436 860 oculos,

147 867 222 923 qui
258 868 435 923 emerit,
474 870 517 910 et
559 869 606 910 in
643 868 780 910 vicem
825 869 1048 909 erutorum
1091 866 1303 907 luminum
1341 865 1434 920 ipse

147 926 362 970 succedat.
419 927 508 983 „At
545 927 658 969 enim
694 926 801 970 forti
839 927 932 968 viro
971 929 1099 980 turpe
1131 927 1199 967 est
1230 924 1312 966 1100
1344 924 1435 965 offi-

146 986 260 1028 cium
292 986 474 1029 subire.“
537 986 713 1030 Scilicet
743 986 823 1028 illa
854 985 1124 1040 honestiora,
1162 983 1434 1026 debilitatem

144 1045 256 1100 pati,
299 1048 342 1088 et
372 1045 530 1099 †ferre
566 1045 752 1088 infestos
788 1045 1086 1096 numinibus†
1126 1043 1284 1086 oculos.
1346 1057 1433 1085 non
1461 1054 1505 1086 15

144 1104 228 1146 erit
268 1104 373 1147 talis
414 1105 500 1148 ista
540 1105 759 1160 debilitas,
805 1104 943 1160 qualis
985 1106 1117 1158 esset,
1162 1103 1199 1145 si
1230 1103 1353 1144 illam
1387 1102 1433 1143 in

136 1164 236 1206 acie
266 1178 422 1219 passus
456 1179 583 1207 esses.
644 1168 711 1219 tu,
750 1165 821 1219 qui
853 1178 1026 1206 recusas
1058 1163 1142 1205 dux
1175 1177 1267 1204 esse
1300 1175 1432 1203 mere-

143 1222 284 1277 tricis,
320 1238 408 1266 non
446 1225 613 1279 cogitas
651 1224 863 1278 futurum,
901 1226 951 1265 ut
987 1223 1069 1265 tibi
1108 1221 1223 1264 oculi
1255 1222 1433 1276 propter

143 1282 415 1325 meretricem
442 1283 678 1325 eruantur?
704 1297 855 1325 verum
881 1284 1072 1324 meretur
1091 1281 1162 1323 hic
1182 1281 1275 1335 ipse
1295 1279 1433 1334 pudor

143 1343 256 1397 tuus,
287 1344 466 1398 propter
499 1357 625 1398 quem
658 1356 886 1398 parcamus
919 1341 1056 1384 oculis
1087 1340 1188 1382 tuis.
1460 1350 1506 1382 20

629 1481 928 1526 CCXCVIII.

525 1565 755 1609 Rusticus
786 1564 1045 1620 parasitus.

141 1647 348 1691 Rusticus
379 1648 623 1703 parasitum
655 1648 790 1690 filium
825 1648 1008 1691 abdicat.
1054 1647 1129 1689 ille
1161 1645 1207 1690 G.
1230 1646 1280 1689 D.

556 1765 1011 1809 DECLAMATIO.

227 1849 328 1893 Non
359 1850 533 1906 ignoro,
569 1850 750 1904 iudices,
789 1864 1051 1905 quamquam
1088 1863 1177 1891 non
1210 1864 1233 1892 a
1266 1850 1430 1892 forensi
1457 1884 1503 1916 25

140 1909 416 1952 contentione
456 1910 614 1964 solum,
657 1909 731 1951 sed
770 1909 823 1951 ab
862 1910 1065 1951 universa
1104 1909 1294 1950 civitatis
1334 1923 1430 1951 con-

139 1968 384 2010 versatione
410 1968 539 2024 longe
565 1971 771 2024 remotus,
788 1968 870 2011 1100
890 1968 1122 2024 praecipue
1143 1967 1235 2009 fieri
1254 1968 1430 2010 misera-

235 2065 256 2096 3
283 2061 470 2107 causa[m]
497 2060 556 2096 Ro
581 2061 613 2096 ‹53-
637 2061 690 2095 Ra·
726 2062 738 2105 ΙΙ
775 2071 909 2105 equom
935 2063 965 2094 A
996 2062 1008 2106 Η
1042 2060 1215 2096 hosculos
1242 2063 1311 2104 Aa3
1343 2063 1429 2096 tuos

138 2109 267 2145 oculos
287 2108 336 2154 (?)
357 2108 416 2144 Ro
434 2109 446 2153 ΙΙ
467 2112 486 2143 7
512 2109 606 2143 haec
626 2119 753 2143 cecare
773 2111 826 2142 Aa
845 2109 856 2153 ΙΙ
875 2108 1029 2143 memini
1047 2111 1150 2142 13—1’
1169 2109 1181 2153 ΙΙ
1201 2112 1221 2143 8
1248 2108 1354 2153 quasi
1381 2108 1428 2143 al.

138 2159 180 2201 Δ,
205 2155 288 2203 quis
314 2156 361 2191 al.
387 2158 414 2189 B
441 2157 452 2201 11
472 2160 492 2191 9
519 2155 652 2191 habuit
677 2158 758 2200 ΑΒ,
786 2166 877 2191 corr.
903 2156 962 2191 Ro
981 2157 992 2201 ll
1012 2156 1206 2201 voluptate
1231 2159 1334 2189 B—P
1353 2157 1364 2201 ΙΙ
1387 2159 1428 2190 12

137 2203 221 2239 vice
245 2204 465 2240 meritorum
491 2206 517 2236 B
550 2204 561 2249 Ι]
596 2207 640 2238 14
667 2202 787 2238 silicet
812 2206 854 2248 A,
881 2202 1026 2239 scilicet
1052 2205 1090 2239 et
1114 2205 1141 2236 B
1178 2204 1190 2248 ΙΙ
1230 2207 1273 2238 15
1305 2203 1329 2239 f.
1363 2203 1427 2237 inf.

139 2251 309 2287 omnibus
330 2251 395 2294 Gr,
420 2251 446 2286 f.
466 2250 632 2286 defectos
652 2250 856 2285 luminibus
877 2250 960 2295 seh,
987 2262 1114 2287 eruere
1133 2251 1199 2286 inf.
1219 2263 1320 2286 num.
1340 2250 1398 2285 Ro
1417 2250 1430 2296 Η

141 2302 184 2334 18
209 2298 262 2333 ibi
288 2302 318 2332 Δ
336 2299 348 2343 ΙΙ
367 2302 412 2333 23
440 2298 592 2333 abdicat
609 2296 734 2344 „sssssts'ffls
755 2309 785 2332 c.
813 2298 846 2333 d.
874 2301 903 2332 Δ
