1578 2470
119 751 161 782 10

119 1041 161 1071 15

117 1330 162 1361 20

118 1620 162 1651 25

119 1910 164 1941 30

186 112 272 154 408
661 113 777 155 QUIN
780 112 963 150 TILIANI

185 219 263 260 filii
306 222 446 260 cessat
477 219 691 261 officium?
759 219 884 274 „Non
916 220 1093 275 optasti,
1131 221 1287 276 inquit,
1329 221 1439 276 quod

186 276 338 318 volui.“

274 334 367 376 Iam
399 335 562 376 excedis
593 335 732 390 legem
762 337 898 377 tuam:
936 337 1058 389 pater
1089 336 1175 378 filio
1207 337 1332 378 debes
1363 337 1439 378 im-

185 406 353 447 perare,
401 393 505 435 forti
546 407 634 435 non
672 395 806 447 potes.
877 396 999 448 potes
1042 395 1439 448 peregrinationem,

185 453 310 504 potes
351 451 568 493 militiam:
605 451 677 493 sed
707 465 793 492 non
824 451 1079 492 sententiam
1110 451 1311 505 iudici[i],
1352 467 1440 494 non

186 508 401 550 decretum
443 509 738 563 magistratus,
782 523 868 550 non
906 509 1141 564 praemium
1174 509 1288 552 forti.
1342 510 1441 564 quid

186 566 300 607 enim
332 567 399 608 lex
431 566 518 608 ait?
573 567 753 609 »fortis
798 570 980 621 optet«.
1040 582 1106 609 me
1149 568 1360 619 nominat,
1397 570 1440 609 et

187 638 367 679 aequum
413 628 478 666 est
516 625 597 667 hoc
641 624 746 666 mihi
785 625 1047 680 contingere:
1089 626 1286 680 pugnavi.
1345 639 1440 667 cum

187 695 270 736 quo
297 682 402 724 mihi
426 697 494 724 res
520 683 614 725 est?
647 697 740 724 cum
766 685 905 737 patre:
936 697 1022 725 non
1047 685 1112 724 est
1137 683 1443 726 contumaciter

187 740 409 795 agendum.

274 797 368 853 Ego
405 812 504 840 vero
543 799 671 840 etiam
709 799 788 840 viri
829 798 954 840 fortis
991 798 1216 852 ‚optionem
1257 798 1443 851 remitto,

187 856 224 897 si
257 870 437 910 aequum
468 856 592 910 petis.
642 856 742 910 quid
773 855 945 923 petisti?
981 859 1030 898 ut
1062 857 1339 898 abolitionem
1369 870 1442 911 op-

186 916 334 956 tarem.
401 917 612 956 memento
643 929 730 956 non
761 915 913 968 omnia,
944 917 1080 968 pater,
1111 929 1188 956 nos
1218 929 1343 969 posse
1373 928 1443 969 pe-

187 974 293 1013 tere:
336 973 572 1026 praemium
617 972 863 1026 accipimus,
916 987 1001 1013 non
1045 986 1232 1028 regnum.
1305 972 1443 1014 nescis

188 1032 391 1084 quantum
433 1030 489 1071 sit
527 1030 805 1072 abolitionem
842 1033 1002 1083 petere.
1044 1030 1281 1072 accusatori
1319 1030 1443 1071 silen-

187 1087 295 1128 tium
321 1088 514 1142 indicere,
545 1102 663 1129 reum
690 1089 884 1142 eximere,
916 1088 1032 1141 leges
1058 1088 1222 1129 tollere.
1263 1102 1341 1129 nee
1364 1102 1442 1143 pro

187 1147 229 1186 te
267 1146 499 1187 tenuissem
531 1148 574 1186 et
602 1146 838 1200 praemium
871 1146 1158 1199 perdidissem.
1219 1146 1292 1186 sed
1323 1145 1443 1187 cuius

188 1203 496 1246 abolitionem?
526 1203 727 1258 „meam,“
757 1204 904 1257 inquit.
964 1203 1300 1245 animadvertitis
1343 1217 1444 1257 quo-

188 1261 414 1302 dammodo
458 1261 675 1316 parricidii
718 1271 846 1303 reum.
909 1274 1035 1316 agam
1084 1261 1226 1315 potius
1258 1275 1444 1303 causam.

187 1318 282 1361 Hoc
323 1319 561 1373 praemium
602 1319 785 1373 primum
827 1321 951 1373 turpe
989 1321 1071 1371 est3
1114 1318 1262 1361 deinde
1303 1333 1444 1373 super-

187 1391 379 1419 vacuum.
438 1379 577 1431 turpe:
623 1377 884 1419 damnaberis
929 1379 1001 1418 tuo
1034 1377 1190 1418 iudicio
1221 1377 1266 1418 in
1295 1391 1444 1432 perpe-

186 1437 317 1477 tuum.
380 1437 539 1490 quanto
584 1436 755 1490 gravius
794 1437 859 1476 est
896 1450 921 1476 a
962 1449 1005 1476 se
1038 1434 1244 1476 damnari!
1300 1437 1446 1476 tamen

188 1493 263 1535 alii
300 1497 479 1547 possunt
518 1494 672 1547 dicere,
716 1494 884 1548 »gratia
915 1493 1016 1535 vieti
1049 1506 1234 1534 sumus«.
1294 1492 1445 1534 deinde

189 1566 512 1606 supervacuum:
553 1552 757 1594 innocens
798 1566 902 1592 eras.
963 1554 1034 1605 „at
1071 1551 1180 1592 enim
1221 1550 1348 1592 dubia
1381 1553 1446 1592 est

187 1610 332 1651 iudicii
370 1610 577 1651 fortuna.“
638 1610 710 1650 sed
747 1610 873 1651 nobis
910 1623 997 1651 non
1026 1608 1225 1650 timenda.
1285 1609 1445 1650 diluen-

188 1667 287 1708 dum
331 1667 531 1708 iudicium
576 1670 656 1709 est:
701 1667 803 1719 <in>
847 1667 1008 1708 invidia
1049 1669 1215 1708 tantum
1256 1666 1445 1708 criminis

188 1725 342 1766 fiducia
380 1728 473 1766 erat
505 1728 548 1766 et
578 1725 623 1766 in
655 1725 808 1767 timore
839 1728 925 1766 tuo.
985 1725 1128 1778 itaque
1161 1725 1446 1778 apparuerunt

188 1783 396 1824 iudicibus
428 1797 512 1824 una
544 1783 687 1824 omnia
712 1785 754 1823 et
783 1782 945 1836 profuit
974 1782 1075 1835 tibi,
1107 1781 1218 1835 quod
1249 1780 1445 1823 abolitio-

188 1855 288 1883 nem
319 1855 405 1882 non
436 1841 596 1895 optavi:
629 1841 827 1895 apparuit
855 1843 970 1882 certa
996 1839 1262 1881 innocentiae
1279 1838 1445 1880 fiducia.

278 1898 395 1953 Ergo
435 1899 687 1940 advocatum
727 1902 847 1940 tuum
879 1898 1067 1951 abdicas,
1107 1897 1358 1951 participem
1389 1896 1448 1938 la-

283 2028 346 2059 3—
353 2028 374 2058 4
405 2024 604 2068 impetrare
635 2027 661 2057 B
692 2025 704 2067 ΙΙ
735 2027 755 2057 5
788 2023 986 2058 sententias
1009 2025 1035 2056 13
1065 2023 1076 2066 ss
1108 2027 1173 2057 5—
1179 2026 1199 2056 6
1224 2021 1352 2056 iudicii
1376 2032 1448 2056 non

188 2071 376 2106 decretum
402 2070 639 2115 magistratus
664 2073 748 2113 AB,
774 2081 863 2105 corr.
890 2070 967 2106 edd.
987 2071 998 2112 ΙΙ
1018 2074 1036 2103 7
1065 2071 1170 2113 optes
1194 2072 1220 2102 P
1249 2069 1262 2113 ΙΙ
1293 2071 1333 2102 11
1360 2078 1446 2102 vero

188 2128 253 2152 om.
279 2119 305 2150 B
331 2118 342 2161 ΙΙ
369 2121 411 2151 12
438 2117 678 2152 obolitionem
702 2119 732 2150 A
750 2117 762 2160 ΙΙ
789 2120 832 2151 15
858 2115 1124 2150 absolutionem
1150 2118 1175 2149 P
1193 2114 1205 2159 ss
1223 2113 1447 2150 accusatoris

187 2166 214 2197 B
232 2164 245 2208 11
265 2167 307 2198 16
333 2174 437 2209 reges
462 2167 515 2197 Aa
532 2164 544 2207 ΙΙ
565 2167 606 2198 17
631 2163 810 2198 tenuisset
833 2165 884 2196 Ab
910 2164 976 2207 121
1005 2161 1232 2196 damnaveris
1257 2163 1331 2201 AB,
1356 2170 1446 2196 corr.

188 2211 274 2253 Aer,
299 2210 482 2253 fortasse*
496 2210 719 2245 damnareris
737 2211 749 2254 [Ι
768 2213 811 2245 26
837 2208 902 2254 <in
955 2208 1008 2243 Gr
1025 2209 1038 2254 ΙΙ
1055 2212 1099 2243 29
1126 2206 1335 2242 innocentia
1358 2206 1448 2241 fidu-

189 2256 266 2292 ciae
290 2260 316 2290 P
