1560 2462
645 89 936 127 PRAEFATIO.
1349 87 1437 125 XXI

147 203 198 230 an
229 191 400 231 eundem
438 191 612 230 codicem
649 191 798 242 duplici
829 191 941 241 signo
973 191 1246 231 notaverimus
1278 205 1303 228 α
1335 192 1376 229 et
1407 190 1441 240 Ι,

146 257 222 296 hoc
264 259 344 308 est,
392 269 444 295 an
487 270 534 295 ex
581 257 720 296 eodem
763 256 981 307 exemplari
1024 256 1248 306 descriptus
1299 255 1440 294 haberi

146 323 276 372 possit
309 322 348 361 A
388 324 430 361 et
465 323 567 361 liber
605 322 809 373 Campani.
870 322 928 361 At
964 321 1031 361 vix
1067 308 1234 371 poterit,
1274 323 1320 359 ut
1357 321 1440 370 opi·

146 399 237 426 nor:
281 387 360 426 nisi
402 388 508 428 forte
552 388 603 426 ad
643 388 686 426 id
722 387 992 438 confugimus,
1036 387 1235 436 accepisse
1273 385 1440 435 Campa·

146 465 244 492 num
291 448 383 506 (vel
425 448 776 507 Piccolominium)
825 453 975 492 librum
1017 465 1098 492 non
1146 452 1348 502 integrum
1399 453 1441 490 et

146 518 398 558 intercidisse
448 520 584 570 aliqua
627 519 722 558 dum
768 519 872 557 liber
912 531 960 557 ex
1007 517 1246 557 Germanica
1296 516 1439 555 biblio-

147 584 264 623 theca
312 584 556 623 transfertur
602 584 644 623 in
687 583 915 624 Senensem.
975 583 1141 634 Integer
1188 582 1294 621 enim
1336 582 1440 620 liber

148 650 183 688 si
218 662 299 688 non
335 650 426 699 plus
462 651 544 689 136
585 644 669 703 (vel
702 645 808 701 137)
848 649 1159 688 declamationes
1198 647 1439 694 continebat,

147 716 194 754 ut
224 715 448 764 descriptus
480 716 534 754 sit
565 729 612 755 ex
642 731 686 764 α,
723 715 920 756 recentior
953 717 1041 754 erat
1073 726 1193 764 quam
1223 714 1279 762 A3
1319 716 1362 751 at
1393 713 1439 751 li-

146 786 258 819 terae
290 779 393 828 eius,
425 781 459 820 si
489 781 687 820 credimus
720 780 940 831 Campano⁷
973 783 1089 819 erant
1121 779 1437 829 antiquissimae,

148 848 189 884 et
219 846 328 884 haud
358 846 474 885 facile
506 847 776 896 persuaserim
807 846 907 884 mihi
937 846 1042 884 hunc
1067 845 1211 895 virum,
1245 844 1313 894 qui
1338 844 1440 882 mul-

147 913 231 962 tus,
265 914 311 950 ut
342 911 537 961 epistolae
568 912 654 950 eius
687 913 842 960 docent,
878 911 1026 950 eratin
1050 911 1165 949 libris
1191 923 1313 948 manu
1341 909 1435 949 scri-

149 976 231 1026 ptis
270 976 499 1016 evolvendis
537 979 579 1015 et
616 977 860 1016 excutiendis
899 979 940 1015 et
978 988 1135 1015 summa
1171 975 1291 1014 laude
1332 975 1439 1024 apud

147 1042 334 1092 aequales
379 1042 564 1090 florebat,
610 1042 709 1081 adeo
749 1041 930 1092 potuisse
967 1042 1074 1091 falli,
1118 1044 1164 1080 ut
1193 1036 1242 1079 Xi
1273 1041 1338 1081 vel
1369 1035 1440 1078 XP

150 1102 265 1146 saec.i
295 1119 459 1146 manum
490 1107 688 1146 iudicaret
726 1109 949 1146 Romanam
987 1110 1028 1146 et
1064 1120 1192 1157 paene
1230 1107 1439 1156 aequalem

145 1171 224 1222 ipsi
255 1171 513 1218 Quintiliano.
570 1172 698 1211 Plena
736 1173 862 1222 igitur
899 1173 974 1212 hac
1011 1173 1154 1211 tabula
1185 1185 1341 1223 omnes,
1390 1172 1439 1210 de

145 1237 292 1287 quibus
335 1238 483 1277 certius
527 1238 682 1288 aliquid
727 1239 819 1278 sciri
861 1240 1014 1289 potest,
1065 1238 1218 1278 codices
1263 1250 1438 1287 compre-

147 1303 336 1342 hendam:

610 1363 630 1400 I
659 1361 661 1367 Α

622 1423 626 1459 Ι

535 1474 702 1556 α”ᾟ

533 1562 569 1649 Α
643 1563 741 1663 Agr.
775 1612 912 1710 Ca'mp.
944 1613 1020 1664 Ug.

747 1724 918 1795 OQB
952 1760 1026 1797 etc.

233 1879 375 1919 Plures
408 1880 512 1919 inter
543 1881 563 1919 Ι
595 1882 637 1920 et
667 1896 693 1919 α
724 1884 844 1932 atque
871 1882 897 1933 β
921 1882 1177 1933 interponere
1209 1884 1359 1933 literas,
1389 1887 1436 1923 ut

143 1945 304 1996 longius
330 1945 439 1985 absit
469 1947 746 1998 archetypum,
770 1948 871 1986 nihil
890 1948 1047 1987 attinet.
1067 1969 1122 1974 —
1144 1948 1222 1995 Qui
1242 1948 1436 1999 Campani

143 2014 185 2050 et
215 2010 381 2062 Ugoleti
411 2011 535 2050 libros
567 2012 814 2063 discernunt,
845 2013 963 2052 facile
993 2014 1125 2063 illam,
1159 2027 1278 2065 quam
1311 2028 1435 2065 supra

142 2075 199 2115 eis
249 2077 418 2127 adposui
457 2077 656 2127 tabulam,
698 2078 864 2118 adiectis
911 2079 949 2130 I,
981 2095 1024 2131 α,
1054 2081 1092 2118 Α
1138 2075 1199 2132 (et
1236 2077 1281 2132 β)
1325 2081 1432 2120 notis

142 2142 397 2192 supplebunt.

223 2219 482 2259 Editiones
521 2221 718 2270 priores
751 2224 947 2271 quantum
979 2223 1155 2272 reperire
1186 2224 1317 2274 potui,
1356 2224 1431 2262 hae

142 2285 259 2322 sunt:
