1578 2470
425 92 853 130 DECLAMATIONES.
881 91 1078 130 CCCXLII.
1315 93 1401 136 349

117 201 270 244 finitio.
311 201 418 244 dicit
450 202 564 244 enim
595 202 646 256 is,
679 203 754 258 qui
783 203 896 258 petit
926 202 972 244 in
1005 203 1271 258 servitutem,
1304 217 1402 245 eum

116 275 209 304 esse
245 260 292 303 in
328 260 532 304 liberssate
571 261 735 303 domini
766 262 1010 317 voluntate,
1055 276 1183 317 quem
1213 262 1398 305 liberum

115 334 210 364 esse
241 319 441 363 dominus
473 321 671 364 voluerit.
732 322 884 363 nostra
913 335 1014 376 pars
1047 321 1165 376 diest,
1195 321 1242 363 in
1273 321 1401 364 liber-

114 381 206 422 tate
239 393 332 421 esse
363 380 530 422 domini
561 380 786 423 voluntate
817 395 909 435 eos,
941 380 1014 435 qui
1047 380 1209 436 aliquid
1240 395 1320 435 pro
1353 381 1402 423 li-

113 438 230 481 beris
263 453 315 481 ex
346 439 570 481 voluntate
601 439 767 482 domini
803 439 1008 482 fecerunt.
1070 439 1306 493 refellenda
1337 442 1403 483 est

114 497 242 540 nobis
274 498 415 541 finitio
447 499 587 554 partis
620 499 840 555 adversae,
878 498 1030 541 deinde
1068 502 1220 541 nostra
1251 499 1403 542 confir·

113 557 284 600 manda.
344 558 443 600 finis
474 559 611 614 partis
645 558 851 601 adversa-e
883 559 944 601 sic
974 558 1207 612 refelletur.

534 652 618 695 DE
629 651 982 696 CLAMATIO.

203 722 299 773 Qui
330 725 599 766 voluntate
633 725 826 767 domini
857 725 908 767 in
941 725 1193 768 libertate
1224 725 1403 780 fuerit,

115 782 250 825 liber
282 783 364 826 sit.
405 782 450 825 Si
481 784 532 826 de
563 783 632 826 his
664 784 915 840 loqueretur
946 785 1024 839 lex,
1058 799 1165 840 quos
1199 784 1399 827 dominus

115 842 442 885 manumisisset
467 846 510 885 et
536 842 696 886 liberos
724 858 817 886 esse
842 844 1064 899 voluisset,
1091 859 1401 899 supervacuum

115 904 222 944 erat.
261 917 363 944 nam
394 903 526 944 etiam
557 903 639 944 hac
670 904 765 959 lege
792 903 967 946 sublata
991 918 1080 945 non
1106 903 1401 959 dubissabatur,

113 960 217 1016 quin
247 962 503 1004 manumissi
535 961 663 1004 liberi
695 965 851 1005 essent.
899 965 1125 1018 praeterea
1157 963 1273 1005 aliud
1306 977 1399 1006 esse

112 1019 160 1062 in
190 1019 392 1062 libertate
425 1035 536 1075 esse,
579 1021 698 1063 aliud
730 1021 913 1064 liberum
946 1036 1058 1077 esse,
1100 1022 1232 1064 etiam
1265 1037 1315 1064 ex
1348 1037 1398 1065 eo

111 1079 390 1122 manifestum
422 1082 505 1134 est,
538 1080 652 1135 quod
685 1095 778 1135 eos,
809 1082 882 1136 qui
914 1081 960 1123 in
992 1081 1194 1123 libertate
1226 1081 1399 1137 fuerint,

111 1138 274 1181 liberos
306 1153 400 1182 esse
432 1139 503 1181 lex
534 1140 666 1182 iubet.
717 1140 769 1182 ad
803 1155 910 1196 quos
944 1155 1046 1196 ergo
1078 1142 1147 1183 lex
1178 1141 1400 1196 pertiness‘?

111 1200 162 1239 ut
192 1198 245 1240 ad
275 1201 472 1241 nosizram
504 1198 747 1241 finitionem
778 1200 1021 1242 redeamus:
1055 1201 1129 1255 qui
1152 1200 1400 1242 volentibus

113 1256 300 1299 dominis
338 1257 520 1300 fecerim:
558 1258 705 1313 aliqua
742 1260 965 1314 {samquam
996 1259 1133 1301 liberi.
1195 1262 1245 1300 ub
1282 1262 1400 1315 puta,

113 1315 307 1371 signavit
351 1316 514 1372 aliquid
556 1317 727 1360 volente
773 1317 949 1360 domino
996 1333 1163 1360 servus:
1215 1318 1399 1361 liberum

113 1389 206 1417 esse
238 1375 344 1417 vult.
393 1376 589 1431 iniquum
622 1377 735 1418 enim
769 1378 852 1419 erit
882 1377 1055 1419 tabulas
1088 1377 1325 1434 †auferri†
1357 1381 1401 1420 et

113 1434 483 1490 circumscriptum
515 1450 608 1478 esse
633 1436 778 1478 nescio
806 1450 944 1491 quem,
977 1437 1046 1478 eui
1072 1437 1270 1492 signatae
1298 1440 1399 1479 sunt

111 1493 301 1536 tabulae.
339 1493 468 1536 iudex
498 1494 612 1537 inter
643 1495 750 1537 duos
784 1496 1032 1538 convenerit
1063 1499 1106 1538 e'n
1139 1497 1398 1538 sententiam

111 1552 263 1594 tulerit
299 1553 472 1595 volensse
510 1554 700 1597 domino:
738 1554 925 1597 liberum
964 1570 1056 1597 esse
1094 1555 1208 1598 hunc
1248 1555 1399 1611 voluit,

112 1613 162 1653 ut
218 1626 268 1654 ea
317 1626 404 1668 res,
471 1628 580 1668 quae
635 1613 828 1656 iudicata
883 1617 992 1669 erat,
1041 1614 1224 1657 haberet
1274 1630 1398 1657 suum

110 1670 253 1713 finem.
285 1671 466 1727 denique
496 1673 726 1727 neminem,
758 1673 829 1728 qui
862 1674 907 1715 in
933 1674 1079 1729 aliqua
1104 1674 1245 1716 forma
1271 1674 1399 1716 liber-

110 1730 218 1772 tatis
248 1730 411 1786 fuisseb,
442 1732 527 1774 nisi
557 1732 707 1774 fraude
740 1735 783 1774 ei:
815 1733 942 1789 culpa
975 1748 1052 1775 sua
1076 1734 1214 1776 redire
1240 1734 1286 1775 in
1312 1748 1398 1776 ser-

111 1789 294 1832 vitutem
337 1790 487 1833 voluiiz.
563 1791 610 1833 in
652 1791 856 1834 libertate
901 1796 1045 1835 autem
1090 1793 1263 1848 putavit
1306 1807 1398 1835 esse

109 1847 256 1903 legum
293 1849 410 1892 lator
447 1851 579 1892 etiam
618 1865 709 1906 eos»,
748 1852 822 1906 qui
859 1866 948 1894 non
979 1852 1203 1894 voluntate
1234 1852 1399 1894 domini

110 1907 156 1949 in
195 1908 400 1950 libertaize
439 1912 599 1964 essent3
644 1911 754 1952 sicui:
791 1925 881 1964 eos,
922 1911 996 1965 qui
1039 1911 1292 1953 absentibus
1325 1911 1399 1953 do-

209 2002 227 2033 1
254 1999 286 2034 is
299 2010 366 2034 om.
381 2003 407 2034 B
427 2002 440 2046 ΙΙ
459 2005 479 2035 2
506 2001 740 2037 voluntatem
766 2005 819 2036 Aa
838 2003 849 2046 ΙΙ
869 2002 1012 2038 domini
1035 2003 1230 2039 voluntate
1256 2015 1322 2039 om.
1349 2005 1398 2051 ΒΗ

111 2057 224 2091 quam
248 2049 278 2080 Δ
296 2047 310 2092 ΙΙ
327 2046 487 2082 liberum
513 2059 579 2084 om.
599 2051 626 2082 B
646 2050 658 2094 ΙΙ
677 2053 698 2084 3
724 2049 819 2085 dixit
842 2053 869 2083 B
889 2051 901 2096 ΙΙ
920 2053 940 2085 5
967 2050 1185 2096 repellanda
1208 2054 1250 2095 Δ,
1276 2051 1398 2097 repel-

110 2093 223 2129 lenda
248 2096 294 2138 B,
320 2105 412 2130 corr.
440 2095 495 2131 Gr
513 2096 524 2140 ΙΙ
546 2100 564 2131 7
591 2097 795 2141 repelletur
818 2100 903 2142 AB,
936 2109 1027 2135 corr.
1056 2098 1110 2134 Gr
1128 2099 1140 2143 ΙΙ
1162 2102 1205 2134 10
1231 2109 1270 2134 se
1297 2099 1342 2134 de
1367 2100 1398 2136 is

110 2142 166 2175 Aa
182 2141 195 2186 11
216 2145 260 2176 11
285 2154 336 2177 an
360 2142 380 2162 *
395 2142 614 2178 manumisit
637 2147 670 2178 et
693 2144 814 2179 voluit
839 2144 888 2190 (ἓ)
908 2147 919 2191 ΙΙ
948 2149 989 2180 12
1015 2146 1102 2192 hac]
1131 2146 1177 2181 de
1201 2149 1228 2180 B
1248 2148 1259 2192 ΙΙ
1282 2151 1324 2182 18
1354 2154 1394 2183 Ν

111 2189 142 2222 Δ
160 2189 172 2234 ΙΙ
191 2192 237 2224 20
261 2188 454 2225 inimicum
481 2193 507 2224 B
527 2191 538 2236 ΙΙ
558 2190 758 2235 †auferri†
779 2191 837 2227 Ro
845 2205 858 2235 ‚·
883 2193 1025 2228 aboleri
1052 2193 1106 2228 Gr
1125 2195 1137 2239 ΙΙ
1157 2197 1296 2229 21-22
1325 2194 1399 2230 sint

112 2234 247 2318 §hall-abe
269 2237 332 2318 ΞΗ
352 2241 396 2272 25
423 2237 544 2273 forma
569 2239 611 2273 i‘n
635 2249 708 2274 ras.
735 2240 840 2275 habet
864 2243 904 2283 Δ,
930 2240 1093 2276 formula
1117 2243 1144 2275 Β
1164 2242 1239 2287 1127
1266 2242 1396 2285 voluit,

111 2292 152 2316 in
194 2295 207 2318 1
235 2311 244 2319 .
307 2295 327 2319 ο
374 2304 384 2312 ι

1428 452 1449 484 5

1428 797 1472 828 10

1429 1093 1471 1124 15

1426 1389 1471 1421 20

1426 1685 1470 1717 25
