1604 2488
445 100 871 158 DEOLAMATIONES.
898 119 1119 158 cooxxm.
1337 120 1424 166 293

135 231 219 275 hoc
264 230 483 286 omnibus,
527 230 602 286 qui
644 229 772 273 modo
810 230 864 273 ad
901 229 1171 273 intellectum
1212 229 1424 272 sermonis

138 289 361 348 pervenire
392 293 591 345 possunt,
621 289 812 332 lucidum
837 291 966 345 atque
992 289 1283 343 manifestum,
1315 303 1425 342 eum,

138 349 212 406 qui
243 349 386 405 legem
417 349 481 392 ita
513 349 817 404 composuerit,
847 351 895 391 ut
927 348 965 391 si
990 348 1063 404 qui
1089 351 1323 405 tyrannum
1356 362 1426 391 oc-

135 408 332 462 cidisset,
378 409 423 451 in
461 408 557 451 foro
596 408 869 464 sepeliretur,
910 408 1105 451 locutum
1144 407 1194 450 de
1226 407 1425 450 duobus?

134 482 226 512 non
256 467 476 536 intellegit
508 467 678 523 aliquis,
709 467 844 510 alium
875 482 970 510 esse
1001 482 1111 523 eum,
1143 467 1216 523 qui
1243 466 1424 523 occidat,
1449 478 1471 510 5

134 527 288 584 alium,
333 527 406 583 qui
450 526 698 570 occidatur?
768 527 1033 583 argumentis
1081 527 1249 570 scilicet
1293 540 1424 582 agen·

132 586 238 630 dum
277 589 344 630 est
382 588 426 629 et
461 586 507 629 in
550 586 795 641 exemplum
827 586 1082 629 adferendae
1115 586 1226 629 aliae
1258 600 1427 642 quoque

133 646 267 703 leges.
305 646 446 689 dicam
470 660 584 688 nune
610 659 703 702 ego,
736 645 821 701 qui
852 646 1147 701 pulsaverit
1179 645 1428 701 aliquem,

135 705 448 749 iniuriarum
479 707 741 748 teneatur:
774 719 901 747 nemo
922 707 1070 747 tamen
1088 705 1321 759 tenebitur,
1353 704 1428 760 qui

138 779 184 808 se
232 765 325 820 ipse
374 764 626 820 pulsaverit.
692 779 794 806 nam
834 764 942 806 illud
984 763 1157 819 quidem
1196 763 1427 807 ridiculum
1455 774 1499 807 10

136 821 207 881 (ut
255 823 427 879 opinor)
483 823 682 866 omnibus
741 823 866 866 vobis
914 823 1109 866 futurum
1156 826 1239 878 est,
1300 823 1338 865 si
1381 823 1429 866 in

137 883 380 938 exemplum
405 883 650 938 proximam
677 882 1007 925 similitudinem
1033 882 1251 925 adduxero
1279 897 1328 925 ac
1353 896 1429 924 ne-

135 955 294 999 gavero
326 941 465 984 teneri
496 942 592 998 lege
622 942 715 984 ulla
747 955 862 994 eum,
897 942 970 997 qui
1002 955 1047 983 se
1080 941 1295 985 occiderit.
1344 938 1428 984 Est

134 1015 264 1057 porro
305 1001 388 1044 hoe
429 1000 662 1043 manifesto
702 1000 1120 1056 reprehendendum,
1168 1001 1206 1043 si
1257 1000 1311 1043 ad
1353 1014 1427 1043 eos

135 1060 430 1103 existimemus
474 1060 692 1115 pertinere
735 1060 946 1116 praemia,
996 1060 1050 1102 ad
1100 1074 1208 1116 quos
1258 1074 1424 1115 poenae
1455 1071 1499 1103 15

134 1119 365 1175 pertinent.
402 1119 512 1162 bene
540 1119 706 1162 scilicet
739 1119 790 1161 de
821 1134 868 1161 re
900 1119 1076 1174 publica
1107 1119 1276 1174 meruit,
1309 1119 1424 1174 quod

139 1177 367 1233 aliquando
405 1179 536 1221 finem
573 1178 768 1234 inposuit
798 1179 955 1220 harum
986 1178 1323 1221 calamitatium:
1361 1178 1430 1220 illi

138 1237 302 1293 scripta
327 1237 396 1279 lex
423 1239 500 1279 est.
542 1251 631 1279 non
656 1238 743 1292 ille,
776 1238 850 1292 qui
876 1237 1164 1292 componebat
1188 1237 1296 1279 haec
1320 1236 1429 1292 iura,

137 1296 198 1339 sic
236 1296 407 1339 loeutus
453 1298 536 1339 est:
579 1310 695 1339 »non
728 1298 794 1338 est
826 1297 934 1338 satis
966 1296 1023 1351 ei,
1067 1297 1141 1351 qui
1174 1296 1429 1338 servitutem

136 1355 199 1397 rei
243 1355 442 1410 publicae
473 1355 728 1410 detraxerit,
768 1355 843 1410 qui
874 1358 1073 1397 monstra
1103 1355 1227 1411 haec,
1271 1355 1426 1410 quibus
1454 1366 1500 1402 20

140 1414 324 1457 libertas
349 1414 535 1470 laborat,
562 1414 635 1469 qui
659 1414 856 1457 homines
881 1414 1127 1468 ad[versus]
1149 1414 1326 1457 deorum
1351 1413 1430 1458 ho·

141 1473 395 1529 minumque
426 1473 629 1516 iniuriam
653 1476 781 1516 natos
809 1476 853 1516 et
878 1473 923 1516 in
950 1474 1193 1529 exemplum
1220 1474 1430 1516 scelerum

145 1533 421 1587 constitutos,
446 1547 531 1588 quo
558 1533 699 1588 magis
726 1547 776 1575 ea
801 1533 1055 1588 odissemus,
1080 1533 1297 1588 occiderit,
1328 1533 1430 1575 dum

142 1592 265 1647 vivit,
295 1594 470 1634 tantum
501 1591 723 1646 honorari3
755 1606 842 1634 non
875 1592 1100 1635 sufficiunt
1131 1593 1430 1648 magistratus,

140 1665 221 1694 nec
254 1651 360 1694 satis
393 1653 495 1693 sunt
525 1651 663 1693 tituli:
712 1651 927 1693 habeatur
960 1651 1119 1707 aliquis
1151 1652 1285 1694 etiam
1316 1666 1429 1694 mor·
1455 1662 1501 1695 25

140 1712 214 1753 tuo
246 1709 399 1765 honor,
431 1712 475 1752 et
507 1709 562 1752 ad
593 1711 838 1766 exemplum
869 1711 1142 1765 posteritatis
1176 1710 1430 1754 ostendatur

141 1769 190 1812 in
226 1769 323 1812 foro
361 1769 624 1825 sepulcrum,
665 1784 719 1811 ne
758 1771 854 1825 quis
886 1770 1043 1813 audeat
1072 1772 1286 1826 tyrannus
1318 1784 1430 1827 esse3

139 1831 189 1870 ut
228 1843 379 1871 omnes
416 1828 616 1871 homines
649 1829 942 1872 monumentis
973 1829 1103 1872 huius
1137 1830 1294 1884 sciant,
1338 1830 1429 1884 qui-

140 1887 221 1930 bus
265 1887 470 1943 praemiis
515 1887 720 1931 adversus
764 1891 977 1943 tyrannos
1021 1888 1317 1944 tyrannicidae
1361 1902 1429 1930 ar-

139 1946 373 1989 mentum?
423 1946 488 1988 ita
527 1960 640 1988 nunc
679 1946 751 1989 hie
781 1950 1007 2002 tamquam
1038 1947 1177 1989 bonus
1210 1947 1333 2002 civis,
1364 1947 1429 1990 ita
1453 1958 1500 1993 30

137 2008 361 2061 tamquam
391 2005 602 2047 liberator
632 2005 761 2047 huius
794 2006 987 2048 civitatis
1020 2005 1334 2048 honorabitur?
1367 2006 1428 2049 sie

230 2172 250 2204 2
276 2168 414 2204 lueid
441 2171 471 2202 A
498 2169 511 2212 ll
539 2173 560 2203 4
588 2168 807 2213 sepeliretur
831 2169 870 2204 111
895 2168 976 2204 foro
1002 2172 1028 2203 B
1049 2171 1060 2214 ΙΙ
1087 2173 1107 2205 9
1133 2169 1310 2206 iniuriam
1334 2173 1389 2204 Aa
1413 2170 1426 2216 Η

136 2219 181 2251 14
206 2216 255 2251 ad
273 2216 363 2251 deos
384 2219 414 2250 A
433 2218 444 2261 ΙΙ
465 2220 508 2251 15
536 2215 790 2250 existimamus
817 2218 843 2250 B
862 2218 875 2261 fl
893 2217 1064 2262 praemia
1087 2216 1274 2262 pertinere
1300 2220 1327 2251 B
1347 2218 1358 2262 ΙΙ
1380 2221 1423 2253 17

136 2261 395 2299 calamitatum
420 2266 446 2297 B
479 2264 490 2307 ΙΙ
522 2267 565 2297 21
594 2262 808 2309 ad[versus]
835 2263 899 2299 Bu
930 2264 942 2309 ΙΙ
973 2268 1045 2299 25-
1049 2268 1113 2300 -26
1140 2265 1285 2300 *etiam
1309 2265 1424 2300 morti

134 2307 253 2345 honor
277 2312 319 2355 A,
345 2309 459 2345 etia-m
486 2310 605 2346 honor
629 2313 656 2344 B
