1604 2488
258 136 341 178 152
735 137 1034 180 QUINTILIANI
1162 164 1182 184 ,

254 246 371 284 runt:
412 258 487 284 vos
519 258 637 298 vero,
669 245 741 298 qui
771 245 942 298 nuptias
972 245 1114 286 facitis
1145 247 1190 287 in
1219 261 1417 301 poenam,
1455 247 1509 290 ad

255 316 359 356 quos
390 316 542 343 uxores
573 316 648 356 per
678 302 872 344 lictorem
904 302 1182 357 deducuntur,
1221 304 1264 346 id
1293 305 1510 347 vindicare

253 373 340 400 non
369 359 568 414 potestis,
611 360 723 414 quod
760 361 819 402 sic
850 361 1103 415 impetratis.
1163 360 1244 403 Sed
1279 365 1328 405 ut
1365 364 1513 405 omnia.

254 417 612 470 praetermittam:
661 418 767 458 nihil
799 421 968 472 praeter
999 419 1186 460 animum
1217 421 1350 474 patris
1381 422 1506 462 aesti-

209 486 229 516 5
256 489 372 516 mare
397 474 592 517 debuisti.
633 476 782 518 ceteris
808 476 990 518 forsitan
1021 476 1189 519 defendi
1218 478 1384 532 legibus
1414 493 1508 532 pos-

257 532 331 573 sis:
381 547 447 586 ea,
489 547 595 587 quae
635 534 688 575 ad
730 535 862 587 patris
904 537 947 576 te
989 535 1198 589 obligavit
1233 536 1511 590 voluntatem,

256 591 349 632 exui
385 605 471 632 non
506 595 638 645 potes.
701 592 848 634 abdico
880 595 940 646 te,
971 593 1038 634 vel
1069 593 1180 646 quod
1210 594 1398 648 unicum,
1440 595 1509 636 vel

256 648 367 702 quod
398 649 586 691 alterum?
608 649 784 703 perdidi.

342 706 490 761 Eligat
520 708 622 761 ipse,
654 707 823 761 qualem
855 708 999 749 sortiri
1024 709 1127 749 velit
1155 710 1332 763 patrem,
1362 710 1511 751 mitem

186 774 229 805 10
256 778 310 805 an
340 764 513 819 fortem,
546 765 616 806 det
647 779 799 819 mores,
830 765 930 806 dum
961 766 1172 808 custodiat
1202 780 1306 820 quos
1331 767 1508 809 dederit:

185 1065 228 1095 15

184 1354 228 1386 20

185 1644 228 1675 25

185 1935 229 1966 30

257 836 350 862 cum
397 823 610 864 adulteros
654 823 875 877 occideris,
928 838 1100 865 necesse
1142 824 1273 865 habes
1318 839 1511 866 severum

252 883 418 933 patrem
457 882 611 922 sortiri.
673 881 822 923 abdico
859 884 1074 935 raptorem
1108 906 1158 912 —
1191 882 1369 924 necdum
1406 883 1515 937 dico,

255 938 390 979 cuius:
427 938 507 980 hoc
539 941 650 980 certe
682 939 775 980 dico
807 955 882 980 -ε
919 940 1102 993 rapuisti
1131 940 1361 994 virginem,
1391 941 1513 994 pacis

253 995 406 1037 faciem
444 997 646 1050 turbasti,
684 997 825 1038 fecisti
861 999 1037 1051 propter
1076 998 1187 1051 quod
1224 997 1333 1039 iuste
1375 997 1510 1041 occidi

253 1068 411 1107 posses.
452 1054 578 1095 adisti
610 1069 675 1095 me
707 1057 938 1108 praeterea,
970 1058 1012 1096 et
1035 1057 1210 1109 propter
1233 1058 1275 1096 te
1302 1056 1509 1118 sollio-itus

253 1111 333 1162 fui3
374 1112 486 1165 quod
518 1115 609 1154 erat
641 1113 955 1166 gravissimum,
985 1126 1156 1154 necesse
1187 1113 1318 1154 habui
1347 1126 1512 1167 rogare.

255 1170 291 1210 si
328 1170 508 1222 rapuisti
548 1170 694 1211 fratris
727 1171 792 1211 tui
829 1184 1047 1224 sponsam,
1083 1185 1168 1212 non
1201 1170 1359 1212 sufficit
1395 1185 1511 1213 seve-

253 1227 377 1280 ritas,
419 1241 505 1269 non
543 1242 635 1270 sum
672 1228 915 1269 iracundus:
957 1242 1044 1269 non
1081 1231 1145 1270 est
1181 1228 1286 1269 haec
1322 1229 1512 1283 vulgaris

254 1285 406 1339 libido,
444 1285 518 1327 sed
548 1286 766 1327 incestum.
827 1288 874 1326 tu
906 1300 1148 1340 expugnare
1180 1286 1398 1328 absentem
1429 1286 1510 1328 fra-

253 1346 362 1384 trem
394 1358 520 1385 ausus
553 1358 597 1386 es
630 1346 671 1386 et
701 1344 853 1398 fecisti,
884 1347 932 1385 ut
956 1344 1170 1386 videretur
1193 1344 1336 1399 puella
1360 1359 1511 1398 parum

253 1401 403 1455 pudice
434 1402 596 1444 fecisse.

342 1459 452 1508 Quid
483 1460 741 1514 respondes?
773 1460 872 1514 quid
903 1459 1036 1501 dicis?
1069 1460 1206 1502 solent
1237 1460 1320 1501 ista
1350 1460 1410 1501 sic
1440 1459 1512 1502 de-

253 1517 387 1559 feudi:
419 1518 611 1571 „iuvenis
645 1518 799 1570 erravi,
831 1520 873 1558 et
904 1532 1048 1559 amore
1078 1518 1223 1572 lapsus
1255 1517 1386 1558 sum.“
1445 1517 1511 1559 vis

254 1575 388 1628 igitur
419 1576 670 1629 ignoscam?
712 1575 819 1617 nihil
850 1579 915 1618 est
946 1576 1106 1629 gratius
1139 1575 1323 1630 <quam>
1355 1575 1510 1630 inposi-

254 1635 345 1674 tam
371 1634 641 1675 severitatem
666 1647 870 1688 personae
897 1633 1073 1675 detrahi.
1107 1633 1159 1675 do
1185 1633 1303 1675 vitiis
1329 1633 1512 1675 veniam:

254 1690 386 1732 habes
416 1694 581 1745 patrem
612 1692 762 1745 lenem,
794 1692 958 1745 mitem3
989 1691 1218 1732 sceleribus
1249 1691 1425 1746 ignosco
1445 1706 1511 1731 ——:

254 1748 382 1790 redde
431 1749 659 1803 rationem,
707 1763 781 1790 cur
827 1763 938 1790 nunc
986 1751 1034 1790 tu
1077 1748 1279 1790 occideris
1322 1749 1513 1790 fratrem..

256 1807 369 1861 quod
399 1810 567 1848 tantum
594 1807 730 1849 scelus
756 1807 935 1848 inveniri
960 1809 1115 1860 potest,
1147 1806 1259 1860 quod
1283 1806 1510 1860 parricidio

254 1865 558 1907 vindicandum
589 1865 674 1907 sit‘?
735 1865 808 1906 ubi
841 1867 939 1906 sunt
970 1865 1046 1906 illa
1075 1866 1320 1919 praecepta,
1357 1864 1511 1919 quibus

256 1923 495 1977 monebam,
527 1926 575 1964 ut
606 1923 831 1965 concordes
863 1925 1004 1964 essent
1034 1921 1214 1963 fratres?
1264 1936 1415 1977 parum
1447 1924 1517 1963 est-

257 1981 411 2035 dicere,
451 1981 624 2023 voluisti
655 1981 842 2023 occidere
874 1996 947 2022 -—:
977 1980 1174 2035 potuisti3
1217 1994 1304 2022 non
1336 1979 1513 2035 diriguit

348 2099 370 2129 4
394 2095 631 2139 praemittam
655 2098 681 2128 B
713 2097 725 2139 ss
755 2095 888 2141 patris]
914 2105 1085 2140 praesens
1105 2097 1130 2127 P
1159 2095 1171 2139 ΙΙ
1203 2097 1223 2128 6
1247 2093 1380 2139 patris]
1405 2103 1511 2137 prae—

254 2152 334 2176 sens
358 2144 383 2174 P
402 2143 414 2186 ΙΙ
433 2146 453 2176 9
480 2142 603 2187 elegat
627 2145 667 2186 A,
694 2141 799 2186 eligit
823 2145 848 2175 P
867 2143 878 2186 Η
898 2141 991 2176 velle
1016 2143 1101 2174 ΔΕΒ
1119 2141 1132 2184 ΙΙ
1153 2143 1195 2174 10
1221 2139 1364 2174 dederis
1387 2142 1414 2172 B
1432 2140 1444 2184 ΙΙ
1466 2143 1510 2174 13

254 2188 355 2223 cuius
379 2188 451 2223 hoc
476 2191 573 2223 certe
599 2188 681 2223 dico
708 2188 809 2222 cuius
835 2189 904 2223 hoc
929 2188 1027 2222 certe
1052 2186 1134 2222 dico
1159 2189 1187 2220 A
1206 2186 1217 2230 ΙΙ
1238 2189 1280 2220 16
1305 2187 1427 2230 preter
1451 2188 1481 2219 A
1498 2185 1511 2231 ΙΙ

256 2238 298 2269 16
323 2233 447 2278 rogari
470 2237 496 2267 Β
516 2236 528 2279 ΙΙ
546 2238 590 2269 22
617 2234 716 2270 dices
740 2237 766 2267 B
786 2235 797 2279 ΙΙ
817 2238 862 2268 24
881 2233 1028 2279 gravius
1047 2235 1120 2277 AB,
1141 2243 1228 2268 corr.
1243 2232 1298 2267 Gr
1315 2233 1328 2277 ΙΙ
1345 2231 1514 2278 (quam)

257 2280 310 2316 Gr
329 2281 402 2325 1126
429 2281 515 2316 abes
541 2284 569 2314 A
588 2281 600 2325 ΙΙ
618 2281 762 2316 mittem
787 2284 838 2314 Ab
863 2283 874 2326 ΙΙ
898 2285 942 2315 27
972 2286 1012 2315 Ν
1039 2283 1069 2313 A
