1604 2488
211 106 298 149 246
530 140 536 146 .
692 109 994 152 QUINTILIANI

703 249 969 295 CCCXVII.

447 343 716 398 Imperator
745 345 1025 398 provocatus
1057 358 1083 389 a
1112 347 1229 391 filio.

211 423 296 474 QUI
327 437 625 469 PROVOCATUS
656 438 714 469 AB
745 439 895 470 HOSTE
927 439 1024 470 NON
1054 440 1363 486 PUGNAVERJT)
1394 443 1469 474 CA-

323 496 430 527 ΡΙΤΕ
461 497 705 528 PUNIATUR.
763 485 897 528 Filius
934 487 1200 541 imperatoris
1238 489 1291 532 ad
1319 476 1466 532 hogtes

161 552 180 583 5
323 543 567 599 transfugit.
629 544 874 598 provocavit
916 547 1092 599 patrem.
1153 546 1226 588 ille
1269 561 1355 590 11011
1397 548 1466 591 de-

325 598 489 644 scendit
519 602 565 643 in
597 604 810 644 certamen
841 603 977 658 solus,
1018 604 1092 646 sed
1123 605 1211 646 acie
1242 606 1467 649 commissa

323 659 427 702 vicit
465 660 631 714 hostes3
668 660 712 702 in
754 675 836 715 quo
867 658 1038 715 proelio'
1065 666 1107 704 et
1136 663 1251 705 filius
1282 664 1372 706 eius
1403 679 1467 706 ce-

323 717 439 759 cidit.
507 720 746 770 accusatur,
790 719 903 773 quod
944 723 1200 774 provocatus
1244 722 1297 764 ab
1340 722 1466 765 hoste

322 790 408 818 non
439 777 703 832 pugnaverit.

137 903 179 934 10
721 892 947 936 SERMO.

291 973 362 1016 An
404 975 593 1030 quisquis
638 975 689 1016 ab
726 975 850 1018 hoste
885 980 1139 1030 provocatus
1177 992 1262 1020 non
1300 993 1463 1035 pugna·

203 1032 330 1086 verit,
367 1033 508 1087 puniri
539 1032 719 1074 debeat?
761 1049 815 1075 an
845 1034 950 1076 haec
980 1035 1047 1076 lex
1079 1035 1131 1077 ad
1162 1036 1463 1091 imperatorem

204 1091 448 1145 pertineat?
479 1105 534 1132 an
563 1090 632 1132 hic
670 1091 723 1133 ab
760 1091 884 1134 hoste
913 1096 1167 1147 provocatus
1195 1094 1279 1136 sit?
1311 1109 1364 1138 an
1388 1110 1464 1150 pu-

203 1149 427 1204 gnaverit?

133 1253 176 1284 15
607 1207 1051 1285 DEOLAMA'fiIO.

290 1323 383 1373 Qui
416 1325 475 1366 ab
506 1324 653 1367 hoste
683 1328 990 1380 provocatus
1015 1339 1113 1368 non
1138 1329 1462 1384 pugnaverit,

206 1383 374 1437 capite
404 1383 655 1437 puniatur.

288 1440 339 1483 In
395 1441 592 1483 omnibus
648 1441 816 1496 quidem
865 1441 1031 1497 legibus
1088 1442 1224 1484 solam
1279 1445 1463 1497 spectari

202 1501 371 1555 oportet
397 1499 622 1541 scribentis
648 1499 926 1542 voluntatem.
958 1500 1089 1542 verba
1119 1501 1231 1542 enim
1262 1501 1462 1557 ambigua

131 1567 176 1598 20
202 1560 244 1598 et
282 1558 326 1598 in
365 1558 506 1612 plures
543 1558 784 1599 intellectus
823 1557 949 1600 ducta
987 1561 1102 1612 sunt,
1146 1559 1461 1602 scribendarum

199 1616 343 1671 legum
375 1630 502 1657 causa
532 1616 729 1657 voluntas
759 1616 852 1658 fuit.
912 1629 1014 1670 ergo
1045 1617 1087 1658 id
1118 1631 1248 1658 unum
1280 1619 1462 1673 spectari

201 1674 416 1728 convenit,
458 1675 632 1727 propter
675 1673 787 1728 quod
831 1675 1013 1727 scriptae
1051 1677 1159 1716 sunt.
1220 1675 1346 1718 huius
1390 1691 1462 1718 au-

200 1735 288 1774 tem
325 1732 432 1787 legis
474 1731 747 1773 manifestum
790 1735 855 1773 est
898 1732 1008 1774 hanc
1050 1733 1315 1775 voluntatem
1356 1748 1460 1789 esse,

200 1790 262 1832 uti
310 1790 528 1844 puniatur,
587 1790 782 1844 quotiens
832 1790 1106 1832 commissum
1155 1793 1237 1846 est,
1285 1794 1464 1847 propter

130 1859 174 1890 25
201 1848 314 1904 quod
356 1848 589 1891 constituta
630 1862 770 1903 poena
812 1851 893 1891 est:
943 1862 1248 1903 supervacuum
1291 1850 1460 1905 supple-

199 1909 391 1949 mentum
417 1908 492 1948 est.
531 1909 580 1948 ut
605 1908 754 1949 contra
778 1907 909 1949 verba
939 1908 1235 1962 interpretatio
1261 1911 1461 1963 sequatur

200 1965 372 2020 aliquid⁷
402 1965 642 2020 frequenter
672 1965 858 2007 accidere
889 1968 1045 2020 potest,
1077 1980 1172 2007 cum
1202 1966 1247 2007 in
1279 1966 1376 2008 aliis
1402 1967 1459 2008 le-

199 2023 342 2079 gibus,
385 2026 478 2064 tum
514 2024 558 2065 in
594 2023 674 2065 hac
710 2024 945 2079 praecipue.
1004 2023 1215 2079 fingamus
1253 2024 1365 2066 enim
1403 2025 1456 2066 ab

198 2081 322 2123 hoste
358 2084 633 2136 provocatum
671 2082 856 2137 aliquem
887 2095 1079 2138 aegrum3
1122 2082 1331 2137 fingamus
1362 2096 1456 2137 pro-

293 2222 314 2254 8
346 2221 538 2255 accusator
562 2222 592 2254 Δ
615 2221 627 2263 ΙΙ
657 2223 701 2254 20
733 2219 846 2254 dubia
877 2221 962 2255 nunt
990 2220 1044 2256 vel
1074 2219 1158 2255 duci
1188 2221 1342 2264 possunt
1365 2220 1456 2256 coni.

200 2265 270 2302 Sch
288 2267 301 2311 ΙΙ
319 2269 361 2300 21
389 2266 590 2302 voluntatis
616 2267 698 2310 Aau
722 2266 760 2300 in
785 2277 849 2301 om.
876 2269 905 2299 Δ
