1604 2488
416 105 842 142 DECLAMATIONES.
869 105 1090 142 CCLXXIX.
1312 106 1398 148 135

105 217 303 272 dignum,
336 215 450 271 quod
482 216 615 258 talem
646 215 729 258 tibi
759 215 898 257 filium
929 215 1041 257 feci?
1091 213 1175 257 Sed
1198 215 1305 258 haec
1331 217 1398 258 ut-

105 289 292 331 cumque
317 275 455 318 videri
479 275 650 331 possint
674 275 939 316 tolerabilia:
971 275 1046 317 illo
1073 277 1282 331 tempore,
1312 289 1396 330 quo

110 335 338 390 pugnabat
367 334 482 377 filius
507 337 656 376 noster
678 333 923 389 (vindicabo
951 334 1065 376 enim
1092 334 1200 376 mihi
1227 348 1398 390 semper

110 394 194 437 hoc
225 408 397 449 nomen,
427 408 565 450 neque
598 408 624 436 a
655 393 873 435 beneficiis
905 393 1014 436 meis
1047 393 1283 448 appellatio
1310 394 1397 436 ista

109 452 339 509 discedet),
384 453 523 508 qualis
567 456 745 507 uterque
788 455 986 495 nostrum
1032 452 1144 494 fuit?
1189 468 1276 496 non
1315 466 1395 508 ego
1422 462 1443 494 5

99 512 323 555 sollicitus
356 512 408 554 de
435 513 569 554 muris
597 511 813 568 pependi?
850 527 936 554 non
963 525 1044 567 ego
1071 526 1220 554 omnes
1248 513 1394 568 excepi

106 573 166 614 ab
202 571 292 614 acie
323 571 579 614 redeuntes?
621 586 710 613 non
739 572 914 614 nuntios
947 571 1158 613 sollicitus
1192 571 1395 627 captavi?

110 634 159 673 at
183 633 232 673 tu
259 645 434 674 securus
455 645 562 685 eras,
582 633 806 686 tamquam
832 630 889 686 id,
915 630 1029 686 quod
1053 631 1268 686 volueras,
1297 645 1395 672 cum

107 705 366 745 exponeres,
397 690 663 746 contigisset.
713 704 806 746 age,
837 690 1054 732 redeuntis
1087 691 1267 733 vulnera
1299 690 1395 745 quis

109 749 341 805 religavit?
390 750 645 805 sanguinem
678 749 772 804 quis
806 749 973 791 abluit?
1019 749 1072 791 ad
1103 750 1266 804 templa
1299 749 1395 804 quis
1424 759 1468 792 10

105 808 262 851 duxit?
319 809 414 864 quis
459 809 703 865 gratulatus
749 809 843 851 est?
901 809 1124 851 sciebasne
1171 809 1257 851 iam
1301 812 1396 851 tum

109 882 203 910 esse
241 867 432 910 officium
470 872 610 923 tuum,
648 883 703 910 an
742 868 958 910 confiteris
999 868 1052 910 ad
1094 871 1137 910 te
1169 868 1276 911 haec
1308 882 1397 910 non

107 926 398 981 pertinuisse?
459 927 704 969 dissimules
743 927 862 982 licet,
906 930 950 969 et
992 927 1192 970 videatur
1231 927 1395 982 alioqui

106 986 190 1029 hoc
226 988 379 1028 contra
416 1000 590 1028 causam
629 1000 789 1028 meam:
835 987 1020 1041 sciebas,
1065 989 1108 1028 et
1143 987 1268 1029 illum
1302 1001 1395 1028 esse

104 1045 220 1100 apud
257 1059 327 1087 me
363 1060 516 1100 passus
556 1060 614 1087 es.
675 1045 783 1088 haec
822 1045 967 1088 decem
1010 1046 1132 1088 milia
1164 1046 1394 1101 agnovisti.
1422 1054 1466 1087 15

104 1118 192 1147 non
223 1106 266 1146 te
297 1107 529 1147 moverunt
554 1104 673 1147 tituli
699 1104 1001 1160 adulescentis,
1033 1120 1121 1148 non
1148 1105 1226 1148 illa
1252 1106 1394 1162 gloria

105 1163 160 1206 de
204 1163 361 1206 eximia
402 1165 582 1218 virtute,
626 1179 755 1219 quam
802 1170 882 1220 eg'o
924 1172 1243 1220 praeceperam.
1311 1165 1395 1206 hac

104 1221 263 1265 fiducia
288 1223 496 1265 alimenta
522 1223 712 1278 solvisti3
744 1227 970 1278 computas
997 1238 1178 1279 mecum,
1202 1227 1253 1266 ut
1273 1224 1392 1266 solus

105 1281 301 1323 omnium
325 1282 578 1325 mortalium
604 1285 647 1324 et
666 1283 911 1337 expositum
930 1284 1140 1338 receperis
1162 1286 1206 1326 et
1225 1283 1393 1325 lucrum

102 1339 270 1382 feceris.
1417 1351 1463 1384 20

607 1456 907 1503 GCLXXIX.

437 1540 580 1584 Dives
613 1542 816 1596 speciosi
849 1542 1055 1586 adulter.

55 1663 58 1665 Α
102 1622 402 1667 ADULTERUM
433 1636 525 1667 AUT
559 1636 793 1668 OCCIDERE
825 1637 915 1668 AUT
947 1637 1159 1669 ACCEPTA
1191 1638 1392 1670 PEOUMA

222 1695 486 1726 DIMITTERE
519 1696 702 1728 LICEAT.
762 1684 896 1727 Dives
928 1700 1175 1740 pauperem,
1207 1686 1392 1741 speciosi

221 1746 409 1799 patrem,
447 1743 498 1786 de
536 1747 686 1800 stupro
718 1744 801 1786 filii
838 1745 1093 1801 appellavit3
1136 1745 1212 1787 ille
1242 1746 1392 1788 tacuit.
1418 1755 1464 1788 25

227 1803 384 1845 iterum
427 1803 596 1846 adiecta
627 1804 808 1858 pecunia
840 1804 1097 1859 appellavit3
1135 1805 1209 1847 ille
1240 1805 1392 1848 tacuit.

224 1862 355 1904 tertio
376 1863 621 1918 appellatus
642 1877 820 1905 uxorem
834 1863 924 1905 filio
940 1863 1071 1906 dedit.
1096 1878 1203 1919 puer
1213 1864 1391 1907 divitem

222 1935 319 1962 cum
355 1936 488 1964 uxore
527 1936 605 1964 sua
642 1921 956 1976 deprehensum
999 1926 1176 1977 accepta
1207 1924 1392 1978 pecunia

222 1979 398 2022 dimisit.
432 1981 656 2023 abdicatur
688 1995 713 2022 a
745 1983 880 2035 patre.

200 2123 218 2154 1
244 2121 445 2166 utrumque
471 2123 612 2154 ΔΒ-Ρ
637 2121 648 2165 ΙΙ
675 2125 695 2156 6
721 2120 840 2156 omnis
865 2124 892 2155 B
921 2122 932 2166 ΙΙ
960 2121 1090 2167 accepi
1114 2126 1140 2156 P
1165 2123 1176 2167 ΙΙ
1204 2127 1223 2158 7
1251 2122 1392 2169 captivi

99 2168 156 2200 Aa
178 2168 191 2213 ss
218 2170 259 2202 11
285 2169 393 2210 tuum
418 2171 456 2210 B,
482 2169 590 2203 tuum
614 2171 641 2202 P
673 2168 684 2212 ΙΙ
719 2171 761 2202 12
787 2167 937 2215 <illud>
963 2170 1064 2215 (hoc)
1093 2180 1173 2205 esse
1200 2170 1261 2205 off.
1287 2173 1315 2208 t.
1342 2170 1391 2216 (ἓ)

100 2213 160 2249 Ro
189 2215 202 2260 u
231 2215 340 2262 haec]
368 2215 418 2250 ha
442 2218 469 2249 B
500 2217 512 2261 ῃ
547 2219 588 2250 13
616 2214 786 2260 alioquid
811 2219 865 2250 Aa
894 2218 906 2262 ΙΙ
941 2221 983 2252 19
1011 2220 1119 2254 mort.
1148 2229 1229 2263 exp.
1255 2221 1282 2252 Β
1308 2220 1320 2265 ΙΙ
1345 2222 1389 2253 21

98 2263 314 2309 ffi
339 2274 462 2319 131124
487 2274 585 2310 lieet
603 2277 632 2308 A
