1604 2488
279 125 366 168 300
761 124 1064 168 QUINTILIANI

280 231 394 273 diam
437 232 501 273 sui
533 231 683 286 credit,
718 231 842 274 finiat
872 232 1056 274 invisam
1087 232 1159 275 diu
1186 232 1320 275 vitam
1351 235 1393 276 et
1423 233 1542 276 cibos

279 290 469 344 accipere
506 289 688 345 desinat,
719 290 887 332 etiamsi
918 290 1049 332 dabis.
1105 304 1206 333 nam
1237 291 1274 333 si
1302 305 1544 347 persevera-

280 347 357 401 bit,
401 346 544 403 (rogo,
586 348 837 403 ignoscatis,
880 348 1048 390 etiamsi
1090 348 1172 391 hoc
1210 349 1390 392 forsitan
1431 348 1541 404 apud

281 405 470 447 animum
500 406 635 460 patris
666 406 750 448 mei
782 420 979 460 asperum
1010 406 1142 449 videri
1171 406 1326 464 possit)
1353 407 1541 450 haerebo

235 473 255 504 5
281 463 462 506 miserae
494 478 634 506 comes
666 464 878 506 cotidiano
910 464 1060 506 labori.

761 635 1054 681 COGXXXI.

322 716 407 759 Bis
439 717 686 761 damnatus
716 718 1021 773 iniuriarum,
1053 718 1201 762 tertio
1231 718 1494 762 absolutus.

282 810 367 860 QUI
406 822 582 854 CAPITIS
613 823 740 854 REUM
771 822 867 854 NON
898 822 1218 866 DAMNAVERIT,
1254 822 1354 854 IPSE
1385 822 1549 854 PUNIA-

400 881 502 911 TUR.
542 881 622 920 QUI
655 881 746 911 TER
776 881 1051 912 INIURIARUM
1082 880 1332 912 DAMNATUS
1362 880 1546 924 FUERIT,

215 937 257 969 10
400 938 563 970 CAPITE
604 938 840 970 PUNIATUR.
906 926 982 969 Bis
1026 928 1251 970 damnatus
1294 927 1545 970 iniuriarum

398 986 525 1028 tertio
553 1000 577 1028 a
602 986 786 1040 quodam
810 986 1054 1040 postulatus
1081 986 1302 1028 absolutus
1329 987 1405 1028 est.
1451 985 1545 1040 agit

399 1057 493 1085 cum
526 1046 772 1086 accusatore
802 1046 1023 1097 tamquam
1055 1044 1208 1098 capitis
1241 1046 1475 1086 accusatus.

796 1169 1027 1212 SERMO.

369 1250 444 1292 Bis
495 1251 695 1292 damnato
744 1250 843 1292 huic
892 1251 1038 1293 demus
1090 1253 1260 1306 oportet
1306 1253 1548 1305 patronum.

212 1318 256 1350 15
280 1309 577 1409 plzgilseigamsi
601 1308 792 1363 proxime
819 1309 1040 1351 absolutus
1066 1310 1144 1364 est,
1166 1309 1233 1352 bis
1257 1311 1402 1351 tamen
1426 1308 1544 1351 dam-

691 1458 1138 1503 DECLAMATIO.

370 1540 463 1590 Qui
513 1541 699 1595 capitis
755 1541 1074 1583 accusaverit
1127 1554 1286 1595 neque
1343 1540 1544 1583 damna·

280 1599 430 1652 verit,
461 1599 569 1653 ipse
601 1599 768 1654 capite
800 1599 1055 1653 puniatur.
1099 1597 1187 1640 Lex
1217 1598 1322 1640 haec
1353 1601 1430 1654 est,
1461 1612 1547 1653 qua

211 1665 256 1698 20
282 1656 485 1698 iudicium
516 1656 775 1710 continetur3
805 1657 910 1698 haec
942 1658 1017 1710 est,
1049 1670 1131 1710 qua
1162 1669 1241 1711 ego
1267 1657 1398 1698 istum
1423 1670 1543 1699 accu-

282 1728 385 1768 sem,
413 1714 518 1755 haec
550 1717 628 1768 est,
659 1728 765 1768 quae
795 1714 1047 1755 utrumlibet
1076 1714 1230 1756 horum
1262 1714 1452 1755 occisura
1476 1713 1546 1756 sit.

282 1785 382 1827 ergo
414 1772 495 1814 hac
525 1772 621 1828 lege
653 1772 744 1813 sola
775 1785 938 1814 accuso.
978 1785 1102 1813 nemo
1134 1771 1405 1826 dubitaverit,
1435 1771 1546 1813 hanc

283 1830 422 1886 legem
458 1844 549 1872 esse
592 1830 889 1885 iustissimam3
928 1828 1002 1870 sed
1038 1844 1141 1884 quas
1185 1843 1335 1871 causas
1375 1829 1547 1884 habeat,

280 1891 433 1942 postea
463 1887 612 1930 dicam.

210 1956 255 1988 25
373 1946 498 2002 „Non
536 1945 732 1988 accusavi
768 1947 830 1999 te,
865 1945 1021 2000 inquit,
1061 1945 1230 1999 capitis,
1267 1945 1340 1987 sed
1371 1944 1543 1986 iniuria-

280 2002 414 2047 rum.“
489 2004 681 2046 Primum
730 2003 862 2058 igitur
910 2004 990 2045 hoc
1038 2003 1196 2045 intueri
1238 2017 1313 2045 vos
1357 2004 1546 2057 oportet:

375 2133 395 2163 2
422 2129 454 2164 si
478 2140 542 2165 om.
558 2132 587 2163 A
605 2130 618 2174 ΙΙ
635 2128 885 2174 perseveravit
908 2131 984 2172 AP,
1010 2127 1256 2173 perseverarit
1279 2129 1318 2171 B,
1343 2137 1433 2164 corr.
1447 2126 1521 2163 Aer
1534 2128 1544 2173 Η

281 2180 304 2211 4
327 2175 451 2211 fratris
475 2179 541 2210 AB
561 2177 572 2221 ΙΙ
599 2179 618 2211 7
651 2176 894 2210 clamatus
920 2178 949 2209 A
968 2176 979 2220 ΙΙ
999 2175 1177 2210 clamatus
1202 2177 1231 2207 A
1262 2174 1274 2218 ΙΙ
1304 2177 1325 2209 8
1350 2173 1548 2219 adampna·

281 2222 376 2258 verit
400 2225 430 2256 A
454 2223 466 2267 ΙΙ
494 2226 610 2257 9-10
635 2222 698 2266 qui
721 2222 748 2256 t.
774 2221 797 2257 i.
824 2222 858 2257 d.
883 2221 907 2257 f.
936 2233 965 2257 c.
990 2221 1165 2267 puniatur
1188 2231 1253 2257 om.
1279 2223 1306 2254 Β
1338 2220 1350 2264 ΙΙ
1381 2223 1423 2256 21
1451 2219 1546 2255 oeci—

291 2279 376 2304 sura
402 2269 464 2315 sit]
493 2270 549 2304 est
573 2271 598 2302 B
619 2270 630 2313 ΙΙ
649 2272 693 2303 22
721 2268 800 2303 sola
823 2278 888 2304 om.
913 2270 1034 2314 31126
1058 2277 1124 2303 nos
1149 2269 1175 2300 B
