1578 2470
426 103 847 141 DECLAMATIONES.
892 103 1021 141 CCCL.
1279 103 1334 146 37
1342 103 1365 145 7

83 214 386 258 denuntiatum
429 217 510 258 est.
570 213 723 270 Itaque
766 228 854 256 non
897 216 988 256 tam
1033 213 1080 256 in
1118 213 1367 256 defensione

81 273 281 318 fiduciam
313 273 466 328 habet,
504 288 633 330 quam
665 274 710 316 in
741 273 854 329 lege:
885 288 964 316 nee
995 275 1087 316 tam
1119 273 1262 316 dicere
1292 288 1367 328 po-

81 335 190 387 test,
222 333 362 375 scelus
395 348 440 375 se
471 348 560 376 non
590 332 764 388 fecisse,
795 347 923 388 quam
954 332 1083 388 illud,
1114 332 1276 388 inpune
1307 332 1367 375 fe-

81 393 202 436 cisse.
234 396 369 448 negat
393 393 508 435 enim
535 407 580 436 se
604 393 741 436 teneri
766 406 894 447 posse
918 392 1128 447 veneficii,
1159 392 1366 448 quoniam

79 466 168 496 non
200 450 366 495 dederit
396 466 620 495 venenum.
689 496 695 501 ,

168 510 329 554 Postea
372 511 632 566 videbimus,
681 514 725 554 et
767 511 981 567 quomodo
1026 511 1366 568 intellegendum

81 571 139 613 sit
167 585 380 614 venenum
413 574 458 614 et
489 586 544 614 an
574 571 674 626 hoc,
711 571 824 626 quod
857 571 1007 614 datum
1040 575 1118 627 est,
1150 571 1228 614 illo
1260 573 1367 613 tem-

78 645 185 686 pore
210 630 344 673 fuerit
369 645 598 675 venenum:
625 630 800 673 interim
820 633 1020 686 putemus
1040 631 1207 674 nullam
1226 631 1366 686 legem

79 689 180 733 huic
220 690 373 732 sceleri
409 690 585 745 proprie
624 704 718 732 esse
749 691 1051 733 constitutam:
1094 705 1237 733 nonne
1269 704 1367 746 pro-

79 750 198 792 xima
234 749 444 792 utendum
482 749 579 792 est?
629 764 717 791 non
754 750 927 806 ignoro,
966 765 1060 793 esse
1098 750 1367 806 frequentem

79 808 329 851 huiusmodi
365 809 412 852 in
449 809 618 851 iudiciis
656 809 896 852 minoribus
936 810 1162 853 dumtaxat
1193 812 1368 852 conten-

79 869 263 923 tionem,
306 871 357 911 ut
398 869 547 923 petitor
585 868 792 911 excidisse
824 869 1094 923 formulam,
1134 872 1183 911 ut
1228 869 1366 921 aliter,

80 942 210 985 quam
242 927 613 982 <o>po<r>tuerit‚
645 941 774 983 agere
807 928 986 972 dicatur.
1028 929 1102 971 sed
1132 928 1240 970 haec
1265 930 1367 969 tunc

81 987 240 1040 valent,
271 1001 369 1030 cum
402 986 648 1030 ostenditur
678 987 745 1029 ius
778 986 907 1043 aliud,
940 1003 1025 1043 quo
1055 987 1271 1044 agendum
1298 988 1366 1029 sit.

79 1046 228 1101 itaque
266 1046 305 1089 si
342 1046 468 1102 dicis,
509 1061 594 1101 qua
631 1046 728 1102 lege
768 1047 853 1090 alia
892 1062 1093 1090 accusare
1131 1047 1366 1099 debuerim,

79 1106 236 1151 merito
281 1106 471 1149 excludis
509 1106 638 1161 hanc,
683 1121 769 1161 qua
805 1121 904 1163 ago.
966 1107 1040 1149 sed
1078 1121 1217 1162 neque
1255 1107 1368 1148 hanc

80 1165 298 1209 actionem
336 1180 477 1208 meam
516 1165 732 1208 admitttis
763 1181 901 1221 neque
934 1167 1052 1209 aliud
1085 1166 1368 1219 demonstras,

83 1238 168 1280 quo
199 1223 398 1267 recedam
431 1225 484 1266 ab
519 1225 602 1267 hac
634 1225 732 1280 lege
763 1226 986 1280 depulsus:
1018 1226 1102 1268 hoc
1134 1225 1369 1278 contendis,

79 1285 129 1325 ut
146 1283 283 1338 istud,
315 1283 488 1326 etiamsi
509 1285 647 1326 scelus
669 1285 744 1339 sit,
769 1286 911 1328 facere
931 1286 1113 1328 licuerit.
1145 1285 1267 1340 atqui
1285 1284 1368 1326 1100

78 1343 247 1386 etiamsi
269 1342 385 1397 <sit>
404 1358 493 1386 non
523 1344 697 1399 proprie
729 1345 1034 1400 conscriptum,
1060 1343 1367 1387 consuetudine

78 1401 338 1446 iudiciorum
371 1417 637 1457 consequens
670 1406 748 1454 est,
781 1404 982 1459 quotiens
1015 1404 1164 1459 aliqua
1191 1403 1367 1458 propria

78 1461 192 1504 actio
237 1462 287 1504 in
330 1476 422 1504 rem
465 1477 553 1505 non
597 1462 742 1516 detur,
785 1464 851 1505 uti
894 1463 1093 1518 proxima
1137 1466 1181 1506 et
1225 1462 1366 1504 simili.

76 1521 199 1564 nulla
235 1523 362 1564 tanta
393 1535 486 1563 esse
518 1522 664 1577 potuit
693 1522 924 1577 prudentia
953 1523 1166 1565 maiorum
1199 1520 1367 1578 (quam-

77 1595 208 1636 quam
247 1580 332 1623 fuit
372 1579 580 1637 summa),
617 1584 667 1624 ut
706 1582 758 1624 ad
798 1597 924 1624 omne
968 1597 1103 1638 genus
1147 1581 1366 1637 nequitiae

78 1640 400 1695 occurrat<ur>.
443 1640 626 1696 ideoque
652 1656 731 1696 per
756 1642 1008 1684 universum
1035 1645 1079 1684 et
1104 1655 1180 1696 per
1206 1655 1366 1696 genera

79 1699 255 1755 singula
287 1700 533 1755 conscripta
564 1703 665 1742 sunt
695 1701 800 1743 iura.
846 1702 998 1744 caedes
1031 1701 1202 1745 videtur
1235 1700 1365 1756 signi-

77 1758 206 1802 ficare
251 1759 508 1814 sanguinem
552 1762 594 1802 et
636 1760 817 1802 ferrum:
856 1762 892 1802 si
936 1761 1032 1816 quis
1077 1761 1165 1803 alio
1211 1774 1366 1815 genere

77 1817 209 1861 homo
247 1818 380 1861 fuerit
419 1819 604 1874 occisus,
649 1819 703 1861 ad
742 1820 865 1862 illam
903 1821 1043 1875 legem
1085 1823 1366 1863 revertemur:

78 1877 115 1919 si
153 1877 352 1920 inciderit
393 1878 438 1919 in
475 1879 679 1936 latrinas,
716 1880 754 1921 si
791 1880 836 1920 in
875 1895 1009 1935 aquas
1043 1879 1368 1935 praecipitatus,

175 1975 193 2005 1
221 1969 475 2006 defensionem
501 1973 559 2005 Bc
579 1973 590 2017 ΙΙ
610 1975 630 2006 2
656 1972 776 2017 legem
806 1975 932 2006 Ach
951 1974 1005 2018 114
1031 1983 1070 2009 se
1095 1973 1223 2008 tamen
1247 1971 1367 2007 teneri

73 2020 100 2051 Β
132 2019 144 2063 ΙΙ
177 2021 198 2053 6
231 2018 269 2053 et
293 2028 359 2052 om.
385 2020 412 2051 Β
444 2018 457 2062 [Ι
488 2022 605 2054 9-10
630 2019 800 2063 proximo
826 2022 889 2054 AB
920 2021 933 2065 11
967 2024 1008 2055 12
1034 2019 1233 2065 pecuniam
1259 2021 1366 2063 ABG,

74 2075 166 2101 corr.
193 2065 411 2100 Brz’ssonius
430 2065 442 2110 ΙΙ
466 2065 685 2112 formula[e]
712 2067 787 2102 Aer
815 2068 826 2111 11
859 2071 903 2102 13
936 2067 1104 2112 potuerit
1128 2070 1242 2111 Asc,
1274 2077 1365 2102 corr.

73 2111 133 2149 Ro
163 2114 176 2158 ΙΙ
213 2116 255 2149 13
288 2113 369 2148 tum
400 2115 427 2146 B
455 2113 468 2157 ss
502 2117 543 2148 16
577 2124 686 2157 quam
720 2114 805 2160 lego
831 2117 912 2157 ΔΒ,
951 2126 1025 2160 qua
1049 2115 1133 2160 lege
1159 2125 1230 2161 ago
1257 2115 1335 2150 edd.
1356 2115 1367 2159 Η

73 2160 147 2197 11110
172 2163 249 2205 AB,
275 2171 367 2196 corr.
393 2161 470 2195 Aer
501 2161 513 2205 ΙΙ
546 2165 588 2195 17
615 2161 873 2197 demonstraus
893 2165 948 2196 Aa.
983 2163 995 2207 ΙΙ
1041 2166 1083 2198 19
1111 2164 1224 2207 atque
1251 2163 1328 2199 edd.
1364 2186 1366 2189 .

74 2207 147 2243 hoe
171 2218 239 2243 om.
264 2211 291 2242 B
311 2209 323 2254 ss
341 2207 446 2255 (sit)
461 2207 520 2243 Ro
539 2209 552 2253 ΙΙ
571 2211 615 2243 22
642 2209 723 2244 utin
749 2212 780 2243 Δ
797 2210 810 2253 u
830 2214 874 2246 ‘23
899 2209 1026 2255 potuit
1051 2221 1131 2246 esse
1155 2210 1279 2255 Β1125
1306 2220 1366 2244 oc-

77 2254 302 2303 currat<ur>
326 2255 384 2291 Ro
403 2256 415 2299 fl
434 2256 472 2290 id
498 2255 657 2300 ideoque
683 2259 736 2291 Aa
755 2259 767 2302 Η
787 2261 830 2293 29
858 2259 1022 2294 latrones
1048 2261 1124 2302 AB,
1151 2270 1243 2293 corr.
1270 2261 1365 2292 auct.

75 2302 199 2337 inea-t.
226 2314 285 2347 ap.
314 2303 365 2338 Pi
383 2303 396 2348 11
415 2304 481 2338 aut
505 2306 580 2348 AB,
607 2314 696 2339 corr.
725 2304 784 2340 Ro

1396 761 1439 793 10

1396 1057 1438 1089 15

1394 1355 1440 1386 20

1393 1652 1437 1684 25
