1578 2470
245 79 332 123 352
725 83 1026 125 QUINTILIANI

246 187 421 228 voluisti
458 187 682 243 dimittere,
731 189 804 243 qui
845 191 1020 232 voluisti
1062 194 1281 246 tamquam
1322 191 1503 234 liberam

246 243 472 287 dimittere.
537 245 655 288 Haec
693 247 892 302 dicerem,
933 249 1100 291 etiamsi
1135 250 1299 303 piratae
1335 252 1503 291 tantum

245 302 447 344 vicariam
483 304 711 358 petissent:
752 320 865 347 nunc
900 320 999 348 vero
1037 320 1131 348 cum
1168 307 1414 362 adiecerint,
1456 310 1504 349 ut

247 373 341 401 eam
371 361 577 403 vicariam
607 363 817 417 mitteres,
857 379 963 418 quae
993 365 1036 406 in
1067 365 1338 407 matrimonio
1370 365 1503 407 archi—

199 430 219 460 5
244 418 410 471 piratae
455 422 584 474 esset,
628 421 812 463 dubitari
853 436 941 463 non
982 425 1143 477 potest,
1185 423 1286 477 quin
1323 425 1370 465 tu
1408 437 1502 465 eam

244 476 423 531 miseris,
454 479 672 532 tamquam
703 479 882 520 liberam
912 480 1112 522 futuram.

735 547 1020 603 <SERMO>

331 603 448 647 Haec
479 606 591 660 quod
623 607 675 648 ad
705 607 782 660 ius,
812 607 888 648 illa
919 607 1031 662 quod
1063 608 1116 649 ad
1148 608 1310 650 merita.

623 675 1124 731 <DECLAMATIO.>

177 743 219 774 10
332 731 475 787 Digna
507 735 589 787 est,
627 748 734 788 quae
766 735 823 776 sit
853 735 999 777 libera.
1030 736 1164 777 filium
1193 735 1276 777 tibi
1305 736 1504 778 restituit.

246 791 283 831 si
314 792 483 832 tantum
515 791 592 832 filii
626 792 691 833 tui
721 793 904 846 pretium
933 793 1095 848 fuisset,
1125 793 1338 835 videretur
1361 796 1504 836 tamen

243 848 351 889 bene
395 850 616 892 meruisse:
665 864 775 892 nunc
824 865 950 905 quam
1001 851 1137 893 multa
1185 851 1404 906 add<id>it
1453 851 1505 893 ad

244 906 398 948 fidem?
447 910 616 961 poterat
655 910 697 949 et
735 922 952 950 remanere
984 910 1094 963 apud
1130 910 1290 964 piratas
1323 913 1366 951 et
1397 910 1504 951 obli-

245 977 345 1018 gare
382 965 479 1006 illos
517 965 598 1007 hoc
634 966 778 1007 iudicii
816 967 881 1007 sui
912 967 1127 1008 beneficio.
1188 967 1260 1009 sed
1291 981 1377 1009 11011
1408 982 1504 1009 con-

177 1032 218 1063 15
245 1022 428 1063 sessione
458 1025 627 1064 tantum
660 1024 852 1065 effectum
884 1028 960 1077 est,
991 1027 1039 1065 ut
1063 1025 1152 1066 filia
1174 1027 1250 1066 tua
1275 1025 1504 1066 videretur:

244 1081 597 1134 quemadmodum
635 1081 855 1135 complexa
893 1085 958 1123 est
994 1083 1069 1124 illa
1101 1083 1359 1124 catenatum!
1403 1097 1504 1137 quo-

242 1138 354 1178 tiens
398 1138 575 1180 fratrem
612 1140 798 1181 vocavit!
854 1154 980 1194 quam
1017 1154 1139 1182 veras
1175 1141 1372 1182 lacrimas
1411 1155 1504 1194 pro-

242 1195 368 1237 fudit!
401 1197 561 1250 optime
593 1200 806 1238 meruerat
836 1198 886 1238 de
917 1200 959 1239 te
991 1201 1033 1239 et
1057 1198 1138 1239 hoc
1165 1198 1271 1252 ipso,
1303 1197 1414 1252 quod
1442 1212 1503 1241 re-

246 1268 365 1295 versa
397 1257 473 1296 est.

173 1300 216 1330 20
762 1289 988 1333 SERMO.

332 1346 414 1388 Hic
444 1362 570 1401 parce
602 1347 770 1401 quidem
797 1349 1068 1403 stringendus
1095 1349 1176 1390 erit
1199 1349 1336 1404 pudor
1359 1349 1505 1404 patris,

246 1404 517 1459 stringendus
555 1405 637 1446 erit
672 1408 834 1462 tamen,
870 1410 1088 1461 tamquam
1129 1407 1269 1461 cupidi
1305 1410 1348 1449 et
1388 1407 1505 1449 avari

246 1465 289 1503 et
336 1463 613 1505 hereditatem
662 1464 788 1506 istam
836 1465 1106 1518 adfectantis3
1155 1465 1236 1507 hoc
1282 1465 1377 1507 ideo
1419 1479 1506 1507 11011

245 1535 388 1562 amare
419 1536 498 1563 nec
529 1522 741 1564 districte:
771 1523 967 1577 primum,
1000 1523 1110 1577 quod
1141 1525 1283 1578 potest
1314 1538 1405 1565 esse
1435 1523 1505 1565 hic

173 1588 218 1619 25
245 1578 440 1620 dominus
478 1580 614 1633 illius,
659 1580 695 1621 si
731 1580 793 1622 ita
830 1581 1038 1623 iudicibus
1080 1581 1312 1636 videbitur3
1355 1581 1504 1623 deinde

243 1637 354 1690 quod
397 1638 520 1679 nobis
557 1652 624 1679 res
663 1651 758 1679 cum
796 1653 843 1680 eo
894 1641 976 1692 est,
1019 1639 1085 1680 cui
1128 1639 1288 1694 gratias
1327 1640 1504 1694 agimus,

244 1695 362 1735 cuius
395 1695 614 1736 voluntate
645 1695 823 1737 dicimus
853 1711 932 1738 nos
963 1697 1007 1737 in
1038 1697 1238 1738 libertate
1268 1696 1410 1738 fuisse.
1453 1697 1503 1738 In

243 1766 408 1794 summa
447 1755 567 1807 parte
602 1754 912 1796 declamationis
947 1754 1200 1796 advocamus
1238 1754 1368 1796 etiam
1405 1755 1503 1796 adu-

244 1810 475 1852 lescentem
503 1811 636 1865 illum,
669 1812 789 1866 quasi
815 1812 1076 1866 advocatum,
1107 1813 1178 1866 qui
1203 1814 1351 1854 nostro
1376 1812 1503 1854 bene-

172 1879 218 1911 30
245 1868 341 1910 ficio
372 1869 615 1923 redemptus
648 1872 723 1911 est.

342 1952 360 1982 1
376 1952 440 1983 et2
466 1949 661 1984 demittere
686 1952 712 1982 Β
731 1950 742 1994 ΙΙ
763 1954 853 1984 7-9
878 1949 1072 1996 (Sermo.)
1096 1950 1133 1984 h.
1153 1961 1188 1993 q.
1208 1960 1240 1984 a.
1259 1949 1282 1984 i.
1302 1949 1326 1986 i.
1347 1961 1380 1994 q.
1401 1961 1434 1986 a.
1455 1961 1502 1984 m.

243 1994 511 2041 (Declamatio.
568 1996 618 2030 Pi
635 1996 646 2041 ΙΙ
665 1999 686 2030 8
713 2007 785 2040 quo
810 1999 836 2029 B
855 2001 867 2036 11
885 2007 956 2040 quo
980 1999 1007 2030 B
1031 1996 1043 2040 ll
1068 1996 1115 2030 ad
1141 2007 1204 2031 om.
1230 1999 1260 2029 A
1283 1997 1296 2040 ΙΙ
1325 1999 1367 2031 10
1392 1996 1504 2041 digna

243 2053 304 2076 om.
328 2044 354 2074 B
374 2043 386 2085 ΙΙ
407 2045 448 2075 12
476 2053 497 2076 a
525 2041 581 2076 dit
599 2045 639 2085 A,
666 2043 713 2076 ad
738 2043 774 2077 te
799 2045 837 2086 B,
863 2053 952 2077 corr.
975 2043 1045 2077 Sch
1063 2044 1074 2088 ΙΙ
1095 2046 1138 2076 14
1162 2042 1289 2077 indicii
1313 2045 1387 2086 AB,
1413 2053 1502 2078 corr.

243 2087 302 2122 Ro
332 2089 343 2133 ΙΙ
375 2092 419 2122 20
445 2088 571 2123 Sermo
597 2100 662 2123 om.
688 2091 714 2121 B
745 2089 756 2133 Η
787 2093 829 2123 21
857 2089 982 2134 parce]
1011 2090 1115 2133 perte
1139 2091 1178 2131 B,
1202 2099 1268 2133 per
1291 2090 1329 2123 te
1353 2092 1379 2122 P
1397 2089 1409 2133 11
1439 2090 1501 2124 etr.

244 2145 363 2169 sermo
388 2134 459 2168 erit
476 2145 512 2179 p.
525 2138 552 2168 Β
572 2135 583 2179 ΙΙ
602 2139 647 2169 24
671 2135 755 2181 nec]
781 2146 826 2170 ne
850 2138 876 2168 B
895 2137 907 2181 ΙΙ
925 2135 986 2170 hic
1011 2147 1088 2170 esse
1111 2137 1138 2168 B
1157 2135 1168 2179 ΙΙ
1187 2139 1232 2170 26
1257 2134 1346 2178 quid
1369 2137 1396 2168 B
1415 2136 1426 2180 ΙΙ
1446 2146 1502 2170 res

245 2191 312 2215 om.
337 2183 364 2214 B
383 2182 394 2225 ΙΙ
413 2184 456 2215 28
483 2181 736 2216 advocationis
761 2184 838 2225 AB,
865 2193 953 2216 corr.
974 2185 1068 2217 auct.
1089 2182 1212 2216 incert.
1237 2192 1297 2226 ap.
1317 2181 1392 2217 Aer
1409 2182 1421 2225 ss
1440 2182 1502 2217 ad—

243 2226 511 2274 voca<bi>mus
535 2228 611 2263 Aer
629 2230 640 2272 ΙῙ
659 2232 703 2262 29
729 2228 792 2272 qui
817 2228 925 2262 modo
951 2229 1032 2263 ben.
1058 2231 1084 2261 Β
