1604 2488
391 98 817 136 DECLAMATIONES.
846 99 1087 136 CCLXXVII.
1307 97 1389 140 131

106 209 512 264 animadversionis,
556 223 713 252 nomen
763 211 938 252 exactae
988 222 1066 263 per
1107 207 1392 263 magistratus

104 283 282 325 poenae.

194 327 450 384 „Indignum
488 328 573 371 fuit
610 327 802 370 occidere
839 341 952 380 eam,
999 341 1108 382 quae
1145 339 1391 381 praegnans

101 387 220 431 facta
239 387 340 430 est.“
370 387 575 431 Nondum
601 387 708 442 dico,
739 389 900 442 quanto
927 386 1104 441 gravius
1129 386 1390 441 peccaverit:

101 447 296 502 interim,
334 447 456 490 cuius
488 446 746 489 miseretur?
795 445 996 502 infantis,
1035 460 1087 487 ex
1119 444 1390 499 adulter<i>o
1416 455 1437 486 5

103 505 292 549 fortasse
324 506 548 561 concepti?
602 508 657 560 et,
687 505 862 560 iudices,
891 505 1114 560 interrogo
1146 518 1238 559 vos,
1270 503 1390 546 cuius

101 565 165 608 rei
209 565 352 622 gratia
395 566 539 621 legem
587 564 750 607 cavisse
795 564 1053 607 existimetis
1097 563 1273 617 illi[us],
1317 564 1390 618 qui

106 628 201 667 erat
231 628 465 680 conceptus
491 640 517 667 a
540 627 724 667 nocente
749 623 938 666 femina?
969 638 1058 666 non
1083 626 1150 665 est
1175 622 1390 674 credibile,

99 684 241 740 legem
272 684 546 740 prospexisse
579 684 631 738 ei,
663 683 731 725 cui
762 698 907 726 rerum
933 687 1091 726 natura
1118 682 1275 725 datura
1298 681 1385 724 for—

98 746 216 785 tasse
247 758 337 786 non
368 747 460 786 erat
491 743 651 797 lucem,
684 743 757 798 qui
786 757 842 785 an
866 742 988 785 nasci
1014 745 1177 797 posset,
1209 741 1388 784 dubium
1418 754 1460 785 10

99 802 204 857 fuit3
237 803 311 858 qui
343 803 476 845 etiam
508 802 655 845 odium
687 816 737 844 ex
771 816 833 856 ea,
865 816 975 857 quae
1001 804 1272 857 conceperat,
1303 815 1389 843 me-

97 862 288 904 rebatur.
335 876 467 917 quare
500 875 602 917 ergo
636 861 800 916 scripta
831 862 902 903 lex
934 861 1033 903 est?
1066 875 1144 916 pro
1176 860 1388 916 patribus,

101 920 175 976 qui
222 920 335 963 nihil
384 921 590 963 fecerunt.
668 920 897 976 indignum
953 921 1068 963 enim
1117 920 1260 962 visum
1311 924 1388 974 est,

100 979 274 1022 etiamsi
303 983 492 1022 mortem
524 979 756 1022 meruisset
786 983 939 1037 mater,
972 979 1132 1021 auferri
1163 979 1301 1021 filium
1326 980 1387 1021 in-

95 1039 273 1081 nocenti
302 1039 431 1094 patri.
477 1040 515 1082 si
540 1053 633 1093 erqo
663 1039 734 1081 lex
764 1053 844 1095 pro
878 1054 947 1082 me
974 1040 1136 1095 scripta
1163 1042 1267 1095 erat,
1298 1053 1388 1081 non
1415 1052 1459 1082 15

95 1100 242 1152 potest
279 1098 414 1140 videri
446 1101 596 1141 contra
627 1113 696 1141 me
735 1099 893 1142 valere.
949 1098 995 1140 in
1032 1099 1113 1141 hac
1144 1112 1246 1140 vero
1281 1098 1385 1153 <re>

96 1171 151 1199 ne
175 1156 295 1200 illius
322 1158 507 1213 quidem,
534 1158 790 1213 quicumque
814 1157 985 1201 futurus
1013 1158 1083 1213 sit,
1107 1172 1280 1200 movere
1308 1173 1386 1200 vos

97 1215 318 1259 miseratio
350 1220 506 1272 potest.
550 1217 647 1272 quis
680 1217 794 1259 enim
820 1217 945 1260 illum
971 1217 1257 1273 agnosceret?
1290 1217 1385 1272 quis

97 1274 329 1318 educaret?
361 1290 459 1318 cum
485 1275 763 1319 manifestum
791 1279 906 1319 esset
932 1291 983 1318 ex
1008 1276 1199 1331 crimine,
1232 1290 1282 1318 ex
1309 1277 1384 1318 fla-

99 1333 239 1389 gitiis,
271 1349 324 1377 ex
355 1349 406 1378 ea
436 1349 502 1390 re,
533 1350 643 1391 quae
674 1339 816 1378 morte
847 1336 1046 1392 punitur,
1078 1350 1171 1378 esse
1204 1349 1386 1391 concep·
1412 1349 1457 1380 20

93 1393 219 1435 tum?
279 1392 428 1449 Ipsam
459 1409 562 1436 vero
596 1394 837 1436 adulteram
871 1395 977 1437 adeo
1011 1395 1207 1450 oportuit
1237 1395 1386 1451 occidi,

95 1455 146 1494 ut
175 1452 287 1495 nulli
317 1467 523 1510 umquam
553 1453 683 1496 irasci
715 1454 857 1510 magis
890 1454 1009 1509 leges
1037 1454 1276 1496 debuerint.
1322 1455 1384 1497 ul-

95 1513 167 1554 tra
199 1525 424 1554 commune
453 1512 670 1569 flagitium
697 1516 763 1555 est
786 1527 1033 1569 praegnans
1062 1513 1276 1556 adultera:
1310 1513 1384 1556 ali-

94 1584 180 1626 qua
210 1570 294 1613 hoc
325 1574 535 1627 tempore,
567 1586 652 1626 quo
684 1573 806 1615 salvo
837 1572 1003 1627 pudore
1033 1588 1058 1615 a
1082 1572 1241 1615 marito
1268 1587 1384 1616 secu—

93 1628 231 1685 baret,
256 1645 354 1673 cum
380 1631 577 1673 adultero
596 1631 793 1673 volutata
813 1630 910 1674 est?
937 1635 981 1674 et
1000 1646 1098 1674 cum
1118 1632 1382 1676 animalibus
1410 1645 1454 1677 25

93 1689 227 1732 mutis
259 1689 403 1745 etiam,
434 1704 617 1746 quorum
649 1690 786 1733 libido
818 1690 988 1734 ratione
1013 1691 1163 1746 (non)
1191 1692 1382 1734 contine-

91 1749 183 1803 tur,
224 1748 331 1791 haec
372 1752 521 1792 tamen
559 1749 616 1792 sit
651 1753 827 1806 natura,
870 1753 920 1792 ut
957 1753 1244 1806 posteaquam
1283 1766 1382 1794 con-

93 1807 302 1863 ceperint,
346 1822 517 1851 omnem
561 1808 780 1865 refugiant
823 1824 1040 1852 venerem:
1086 1814 1287 1853 matrona
1327 1826 1382 1854 ne

90 1865 253 1921 pudore
285 1866 459 1922 quidem
491 1868 655 1923 partus,
686 1872 736 1910 ut
766 1883 843 1911 vos
872 1869 1027 1924 dicitis,
1058 1869 1146 1912 iam
1172 1870 1380 1914 instantis

90 1926 257 1968 moveri
297 1926 458 1982 potuit,
501 1931 550 1969 ut
587 1927 858 1983 pudicitiam,
905 1929 941 1970 si
979 1943 1068 1971 non
1114 1929 1288 1985 marito,
1335 1934 1381 1972 at
1407 1942 1452 1973 30

184 2058 207 2088 4
232 2055 413 2098 quantum
437 2057 464 2088 B
485 2057 496 2100 u
516 2059 537 2090 5
563 2054 804 2103 adulter<i>o
834 2056 886 2091 Pi
905 2059 916 2102 ΙΙ
937 2061 957 2092 6
985 2058 1156 2103 concepit
1181 2061 1257 2103 AB,
1284 2070 1376 2095 eor-r.

89 2100 166 2136 Aer
194 2101 208 2147 [1
241 2105 260 2136 7
286 2100 424 2148 1111Ῐ113]
450 2101 509 2138 Ro
535 2103 546 2148 ΙΙ
573 2106 616 2137 10
642 2103 765 2138 lucem
790 2114 856 2139 om.
883 2106 909 2138 B
942 2105 954 2149 ΙΙ
988 2109 1031 2139 14
1057 2105 1202 2141 auferre
1226 2109 1258 2140 Δ
1288 2108 1301 2152 ΙΙ
1334 2112 1377 2142 15

88 2146 239 2184 *dixero
263 2151 327 2182 AB
353 2149 364 2194 ΙΙ
392 2153 434 2185 16
459 2148 556 2197 (re)
580 2149 638 2185 Ro
666 2151 678 2195 ΙΙ
708 2154 752 2185 19
778 2151 953 2188 educeret
977 2155 1056 2196 AB,
1082 2163 1174 2189 corr.
1200 2154 1277 2190 Aer
1295 2157 1308 2201 ΙΙ
1327 2167 1376 2190 cr.

89 2195 129 2229 et
150 2194 187 2230 fl.
212 2197 340 2242 31125
365 2197 565 2232 voluntata
588 2199 736 2243 321126
762 2198 889 2234 locus
915 2200 1088 2236 comnis
1112 2199 1159 2235 in
1184 2211 1235 2236 ea
1260 2210 1384 2247 quae·

90 2241 370 2279 adulterium
407 2244 599 2290 gravida
637 2245 922 2282 commiserit
959 2246 1198 2296 Au<nulla>
1230 2250 1377 2285 ratione

90 2290 188 2324 cont.
213 2290 300 2334 Aer,
326 2302 353 2326 r.
379 2301 454 2326 non
477 2293 624 2327 tenetur
654 2291 705 2328 Pi
728 2294 740 2338 ΙΙ
760 2297 804 2328 30
830 2294 965 2330 merito
991 2298 1045 2329 Aa
1063 2296 1076 2340 ῃ
1095 2296 1161 2330 aut
1183 2296 1209 2331 f.
1230 2309 1257 2340 a

1112 2356 1162 2390 9*
