1604 2488
433 106 860 151 DECLAMATIONES.
886 114 1072 152 CCCXIII.
1310 115 1397 157 227

112 238 246 282 quare
278 223 471 268 occidere
504 224 717 279 debuerit,
754 224 869 267 dico:
907 223 1195 268 infitiabatur.
1251 227 1318 280 tn,
1350 227 1401 267 ut

105 284 219 327 hanc
258 298 433 327 causam
475 283 694 326 occidendi
726 283 946 340 excludas,
991 284 1229 327 substituas
1263 284 1399 327 aliam

104 357 279 387 necesse
305 346 384 386 est.
417 343 523 386 satis
550 343 792 400 argumenti
818 346 924 399 erat,
952 343 988 386 si
1015 343 1247 386 occidisset
1273 344 1398 400 clam,

106 404 144 446 si
175 418 227 446 ex
257 403 445 458 insidiis,
484 403 520 445 si
551 405 775 458 tamquam
806 405 1059 459 negaturus.
1122 418 1233 459 quae
1266 417 1396 446 causa

103 463 326 506 hominem
363 463 410 505 in
449 462 589 506 scelus
627 462 747 518 egit‘?
798 462 902 518 quid
938 462 1040 518 fuit,
1078 462 1193 518 quod
1224 465 1394 506 tantam

103 522 270 566 rabiem
309 522 564 578 concitaret,
600 522 684 565 nisi
720 522 827 564 illud
836 548 859 578 ,⁷
887 522 1004 578 quod
1045 522 1209 565 sciebat
1247 537 1292 564 se
1325 522 1394 564 de—

101 581 246 626 disse?
308 596 405 625 cum
443 581 601 625 dicenti
637 581 780 637 »apud
822 585 865 624 te
908 582 1139 638 pecuniam
1184 581 1395 638 deposui«

103 641 463 698 respondebatur,
487 641 612 697 »quis
636 642 762 684 testis
789 641 885 684 est?
919 656 1028 697 quae
1048 641 1251 697 probatio
1273 640 1395 683 est?«

101 704 262 758 quanto
302 701 436 744 animi
475 703 597 744 aestu
640 701 954 756 ageba[n]tur‘?
1001 715 1091 744 non
1121 701 1246 744 vobis
1278 700 1394 743 vide-

102 761 282 817 [ba]tur‚
313 776 411 804 cum
429 761 590 817 feriret,
621 760 696 802 illa
723 760 903 804 dixisse:
935 761 1027 803 »ita
1051 775 1141 803 non
1160 760 1393 816 deposui‘?«

101 821 264 876 optime
296 835 364 863 me
386 820 563 863 hercule
595 820 703 862 mihi
728 820 898 863 videtur
925 835 974 863 ac
994 820 1173 862 militari
1199 820 1394 863 facinore

99 880 178 923 illa
203 880 484 923 exclamasse:
516 880 559 922 »i
583 894 698 922 nunc
725 883 768 922 et
793 893 925 936 nega3
949 880 964 922 i
995 894 1108 923 nunc
1134 882 1177 922 et
1203 879 1392 922 alienam

96 939 327 994 pecuniam
365 941 565 982 converte
602 939 648 980 in
687 942 786 982 tuas
819 939 1098 995 cupiditates:
1134 953 1224 981 non
1254 939 1392 982 uteris

97 1002 286 1041 tamen«.
347 998 458 1041 Erat
490 1001 744 1055 argumento
776 1011 880 1054 ergo
911 999 1033 1053 satis,
1079 998 1194 1054 quod
1223 998 1391 1041 occidit.

98 1072 228 1113 quam
258 1058 376 1100 ultra
405 1057 659 1100 desideratis
685 1058 1020 1114 probationem?
1054 1057 1213 1101 occidit
1239 1057 1390 1100 statim

96 1117 343 1160 moriturus.
386 1116 636 1174 frequenter
666 1117 827 1161 iudicia
851 1117 1100 1160 huiusmodi
1126 1119 1391 1173 exercentur,

94 1179 144 1219 ut
181 1177 219 1218 si
255 1191 324 1219 res
366 1177 412 1220 in
449 1177 611 1221 notitia
652 1177 811 1220 dicitur
843 1192 937 1220 esse
971 1177 1257 1232 servulorum,
1300 1179 1389 1219 tor-

96 1236 216 1291 queri
259 1236 476 1292 mancipia
507 1236 743 1279 videamus.
801 1237 839 1279 si
869 1251 964 1279 mos
998 1236 1190 1279 civitatis
1223 1239 1268 1278 et
1294 1250 1390 1279 con-

95 1294 207 1338 dicio
239 1295 422 1338 militiae
460 1298 699 1351 pateretur,
738 1311 783 1338 se
815 1297 861 1338 in
891 1299 1112 1339 tormenta
1145 1296 1390 1348 obtulisset,

93 1353 218 1396 illum
250 1356 534 1411 poposcisset.
595 1369 684 1398 non
721 1355 803 1398 tibi
840 1355 1012 1399 videtur
1049 1356 1302 1411 praebuisse
1336 1355 1388 1398 de

95 1413 241 1456 animo
268 1427 345 1457 suo
377 1414 708 1470 quaestionem?

610 1555 869 1600 CCCXIII.

419 1638 562 1683 Falso
595 1639 752 1683 caedis
784 1639 1052 1683 damnatus.

92 1721 179 1773 QUI
218 1733 384 1766 CARDIS
422 1734 552 1766 REUM
590 1735 911 1779 AQCUSAVERIT
944 1736 1103 1776 NEQUE
1137 1737 1383 1768 DAMNAVE-

208 1794 303 1838 RIT,
334 1793 434 1826 IPSE
465 1794 714 1826 PUNIATUR.
775 1795 1105 1827 DAMNATORUM
1138 1796 1383 1828 SUPPLICIA

206 1854 256 1885 ΙΝ
294 1854 414 1885 DIEM
459 1854 748 1885 TRIOESIMUM
791 1855 1132 1888 DIFFERANTUR.
1209 1859 1382 1888 accusa—

210 1902 272 1945 vit
304 1901 480 1957 quidam
513 1905 556 1945 et
587 1903 821 1946 damnavit.
883 1903 928 1945 in
967 1903 1080 1946 diem
1112 1904 1382 1947 tricesimum

172 2033 190 2064 1
212 2040 286 2074 qua
303 2032 450 2066 ratione
471 2033 498 2064 B
517 2031 529 2075 ss
549 2034 569 2065 2
585 2031 754 2066 exclusas
767 2033 798 2065 A
817 2033 828 2078 ΙΙ
849 2031 927 2067 sub
939 2023 1030 2067 stit
1043 2034 1073 2066 A
1092 2034 1103 2078 ss
1124 2036 1144 2068 5
1159 2033 1353 2069 hominum
1370 2034 1381 2070 '1

86 2081 107 2112 9
135 2077 267 2122 quanti
299 2078 415 2113 animi
449 2080 576 2113 aestus
608 2078 816 2124 agebantur
849 2082 924 2122 AB,
951 2090 1043 2115 corr.
1070 2080 1128 2116 Ro
1148 2082 1160 2126 ΙΙ
1180 2084 1298 2117 9-10
1325 2076 1382 2117 νίέ

85 2124 278 2172 de[ba]tur
303 2125 364 2160 Fr
393 2127 405 2171 ss
437 2129 480 2161 10
504 2125 600 2161 illud
625 2129 651 2160 B
684 2127 695 2171 ΙΙ
728 2130 771 2161 12
796 2126 810 2162 i
836 2127 936 2174 (bis)]
964 2127 1005 2162 hi
1030 2130 1061 2162 Δ
1079 2128 1091 2173 ΙΙ
1119 2132 1163 2164 14
1190 2139 1239 2164 er.
1268 2139 1379 2175 argu-

84 2173 253 2208 mentum
279 2183 369 2218 ergo
394 2174 542 2208 tantum
568 2176 651 2218 AB,
679 2184 772 2210 corr.
798 2173 869 2218 Ro,
895 2176 958 2219 εἷς.
986 2175 1073 2211 decl.
1100 2178 1192 2212 348:
1218 2176 1256 2211 id
1284 2177 1379 2212 satis

84 2219 299 2264 probationi
325 2220 555 2264 existimavi3
584 2232 633 2257 er.
661 2225 924 2267 argumentum
951 2233 982 2258 e.
1010 2222 1123 2259 etiam
1144 2223 1236 2266 Sclu-
1261 2224 1377 2267 fort*

86 2277 151 2350 ent
163 2270 425 2314 argumentum
452 2280 482 2304 e.
510 2268 586 2305 iam
615 2269 627 2314 Η
659 2273 703 2304 21
730 2270 794 2306 tuo
820 2273 904 2315 AB,
931 2281 1024 2307 corr.
1050 2271 1127 2307 Aer
1157 2273 1169 2317 u
1201 2275 1246 2307 25
1273 2271 1377 2307 dam-

83 2324 134 2349 na
153 2314 271 2351 orium
296 2318 323 2349 B

1088 2378 1158 2413 15*

1420 771 1466 804 10

1419 1069 1463 1101 15

1414 1367 1460 1400 20

1409 1795 1456 1828 25
