1604 2488
486 91 913 129 DECLAMATIONES.
939 91 1110 129 CCXCII.
1367 91 1450 134 163

579 199 1031 245 DECLAMATIO.

254 272 356 316 Vim
389 272 508 316 dicor
540 273 752 316 attulisse.
815 272 920 323 Quis
953 272 1178 328 queritur?
1213 286 1322 326 quae
1353 285 1451 326 pro-

166 332 400 376 cla-matio?
462 332 708 388 inpunitum
744 332 924 387 reliquit
955 346 1070 387 eum,
1114 334 1292 387 propter
1325 345 1451 386 quem

164 391 463 435 moriebatur?
497 392 534 434 si
566 391 738 435 erubuit
767 391 969 446 indicare,
1001 391 1152 433 multis
1178 393 1327 432 tamen
1354 390 1452 432 aliis

163 451 394 508 generibus
428 452 547 506 queri
579 452 742 507 potuit:
773 453 981 506 »propter
1012 450 1230 506 hospitem
1257 450 1453 492 morior.«

160 525 240 554 nec
271 510 477 554 credibile
509 513 597 566 est,
639 525 736 554 eum
766 511 1010 566 pepercisse
1041 509 1224 565 hospiti,
1263 509 1335 565 qui
1370 509 1453 551 sibi

164 585 253 613 non
290 570 496 626 pepercit.
553 569 636 614 Sed
678 569 996 625 suspicionibus
1028 569 1192 626 agitur:
1224 569 1453 624 ,‚formoso,

162 629 322 685 inquit,
352 629 595 685 hospitium
626 629 849 685 pollicitus
882 629 965 672 es“.
1019 628 1225 671 Viderint
1255 628 1348 683 isti,
1380 628 1453 683 qui

163 689 360 745 prodigis
393 703 543 732 omnes
576 689 713 732 oculis
745 689 988 731 intuentur:
1019 688 1128 730 mihi
1154 691 1349 743 tempore
1375 687 1452 729 illo

163 748 311 790 nullus
338 747 572 803 Olynthius
603 748 822 791 formosus
848 748 968 791 visus
995 751 1072 790 est.
1112 747 1305 803 „scilicet
1338 747 1452 789 enim

1479 462 1500 493 ὃ

1481 757 1522 789 10

165 807 431 850 sollicitabat
463 807 672 862 lacrimis,
705 806 950 864 squalore.“
1023 807 1137 849 male
1182 806 1356 848 sentitis
1401 806 1482 848 de*

160 881 308 923 puero,
339 867 410 921 qui
436 867 619 910 adversa
644 867 816 910 fortiter
846 867 959 909 tulit.
1002 864 1117 921 „Cur
1147 869 1295 908 tamen
1328 866 1452 908 obtu-

162 924 310 968 listi?“
370 925 653 968 Atheniensis
686 941 794 968 sum.
858 925 1140 982 adsignentur
1171 925 1357 968 fortasse
1389 925 1452 966 in-

164 985 266 1027 vitis
298 985 483 1040 civibus,
520 985 593 1040 qui
626 999 723 1028 cum
753 985 919 1039 liberis,
960 985 1034 1040 qui
1066 999 1162 1027 cum
1195 984 1452 1040 coniugibus

162 1043 356 1099 veniunt,
387 1044 461 1100 qui
494 1058 638 1087 secum
663 1044 828 1086 habent
854 1044 1126 1087 comitatum:
1159 1043 1452 1086 miserabilior

161 1105 228 1145 est
264 1117 372 1159 puer
410 1103 541 1146 solus.
610 1102 696 1159 „At
733 1117 809 1146 cur
848 1103 996 1146 enlem
1040 1106 1167 1146 nocte
1213 1103 1316 1158 (se)
1362 1118 1451 1145 sus-

158 1161 364 1218 pendit?“
436 1161 595 1205 Utrum
643 1163 726 1205 hoc
768 1177 814 1204 re
859 1162 1115 1205 admirabile
1158 1162 1346 1214 videtur,
1396 1177 1451 1204 an

158 1221 378 1277 persona?
407 1222 482 1275 [an
506 1221 753 1277 temporeP]
785 1222 969 1264 miratur
996 1222 1165 1277 aliquis,
1192 1221 1451 1276 Olynthium

158 1281 357 1336 potuisse
393 1280 478 1324 hoc
507 1280 724 1323 Athenis?
775 1281 861 1336 <an
891 1280 1145 1336 temporeP>
1196 1280 1303 1322 illud
1337 1280 1450 1322 enim

157 1342 225 1382 est
267 1342 443 1395 tempus
489 1340 662 1383 doloris.
732 1354 859 1394 saepe
903 1340 956 1382 ad
1000 1339 1269 1382 retinendam
1314 1340 1449 1382 vitam

157 1402 347 1454 prosunt
377 1399 474 1454 ipsa
506 1399 712 1454 pericula:
744 1398 857 1441 redit
887 1402 1042 1451 metus,
1069 1401 1354 1454 posteaquam
1383 1399 1451 1441 de-

158 1457 233 1500 siit
278 1458 441 1500 instare
479 1458 638 1514 hostis3
687 1460 791 1500 tunc
830 1458 1038 1514 cogitatio
1077 1458 1298 1513 fortunae,
1347 1460 1450 1500 tunc

161 1519 289 1560 vacat
321 1516 477 1560 dicere:
511 1520 606 1559 »est
637 1517 738 1572 iam,
770 1517 842 1572 qui
874 1517 1095 1572 sepeliat«
1138 1517 1234 1572 ipsa
1259 1531 1328 1559 me
1354 1517 1449 1559 her-

158 1576 274 1619 cules
325 1575 468 1619 officia
518 1575 748 1618 admonere
799 1576 922 1618 illum
972 1579 1209 1631 potuerunt
1249 1576 1449 1619 fortunae

154 1635 332 1691 prioris:
357 1635 500 1690 patuit
527 1635 699 1690 quidem
724 1635 889 1691 domus,
916 1635 990 1678 sed
1009 1650 1098 1678 non
1119 1651 1215 1690 sua3
1242 1650 1447 1691 excepere

157 1694 336 1749 servuli,
387 1694 459 1736 sed
515 1695 654 1737 alieni.
729 1695 915 1737 forsitan
959 1697 1002 1736 et
1046 1695 1124 1737 illa
1169 1695 1446 1750 cogitaverit:

155 1767 355 1809 »semper
391 1767 493 1810 ergo
527 1754 668 1797 alieno
702 1751 877 1796 munere
909 1754 1141 1797 vivendum
1174 1757 1282 1797 est«.
1331 1754 1447 1797 Inte-

156 1813 240 1855 rim
274 1813 363 1855 sive
395 1813 504 1855 illud
531 1812 731 1868 Olynthii
759 1813 961 1867 fa[c]tum
988 1813 1072 1855 fuit
1099 1814 1189 1856 sive
1215 1814 1445 1869 impatien-

254 1909 274 1941 2
302 1916 397 1950 quae
423 1905 601 1941 clamatio
627 1908 654 1939 Β
674 1907 686 1950 11
705 1910 725 1940 3
752 1905 947 1950 inpunitur
973 1908 1002 1940 A
1022 1906 1033 1951 ΙΙ
1053 1910 1074 1941 4
1095 1906 1146 1941 sic
1160 1909 1187 1940 B
1208 1907 1219 1951 ΙΙ
1241 1911 1260 1942 7
1288 1908 1447 1952 augetur

153 1956 179 1987 P
198 1953 210 1998 ΙΙ
229 1956 250 1988 8
277 1953 452 1988 viderunt
476 1955 530 1986 Aa
548 1954 559 1997 ss
579 1957 599 1988 9
627 1953 746 1988 oculis
773 1964 901 1988 omnes
927 1956 954 1987 B
975 1954 986 1999 ΙΙ
1009 1957 1051 1989 10
1079 1953 1253 1999 Olythius
1279 1957 1321 1998 A,
1349 1953 1445 1988 olin-

152 2000 228 2035 tius
253 2002 279 2034 B
308 1999 320 2044 ss
351 2004 391 2035 11
421 1998 654 2035 sollicitabar
678 2000 754 2035 Aer
782 2000 792 2044 ΙΙ
821 2004 863 2034 12
891 2001 921 2035 si
947 2003 1026 2045 AB,
1053 2011 1144 2036 corr.
1171 2002 1248 2036 Aer
1267 2003 1278 2047 ΙΙ
1299 2005 1341 2036 13
1368 2001 1444 2036 Ad-

153 2046 361 2083 thenihesis
386 2049 417 2081 A
436 2048 447 2093 Η
466 2046 612 2093 invitis]
639 2047 766 2082 multis
791 2050 817 2080 B
837 2047 848 2092 ss
870 2051 913 2083 16
941 2048 1072 2083 eadem
1099 2059 1198 2093 susp.
1224 2051 1263 2092 B,
1291 2048 1444 2084 tandem

154 2105 193 2131 se
219 2106 318 2140 susp.
334 2095 410 2130 Aer
429 2096 440 2140 ΙΙ
462 2099 504 2130 17
530 2095 602 2130 hac
620 2097 647 2128 Β
668 2095 679 2140 Η
698 2106 776 2130 rem
802 2097 855 2128 Aa.
874 2095 884 2139 ΙΙ
907 2099 950 2130 18
975 2106 1174 2140 personam
1200 2099 1254 2130 Aa.
1273 2097 1284 2141 ΙΙ
1306 2099 1445 2131 18-19

154 2142 220 2188 [an
254 2142 440 2188 tempore]
478 2154 526 2177 m.
563 2146 595 2177 a.
634 2141 675 2176 O.
710 2154 745 2187 p.
782 2142 817 2176 h.
852 2144 895 2178 A.
931 2142 1008 2190 <an
1032 2142 1229 2191 tempore>
1254 2143 1312 2179 Ro
1350 2145 1361 2189 Η
1402 2147 1445 2178 18

154 2189 356 2236 Olyntyum
382 2192 412 2223 A
438 2191 450 2235 ΙΙ
469 2193 513 2224 21
542 2188 679 2225 desivit
703 2191 750 2232 A,
778 2189 911 2225 desunt
935 2193 962 2223 B
982 2191 993 2235 ΙΙ
1013 2194 1057 2225 23
1084 2190 1295 2226 mehercule
1321 2194 1348 2224 Β
1369 2193 1380 2236 ΙΙ
1400 2194 1445 2225 25

154 2236 324 2282 excipere
350 2240 414 2271 AB
441 2237 516 2281 1127
543 2236 656 2272 interi
682 2247 746 2271 seu
771 2236 825 2271 ill.
852 2239 879 2270 B
905 2238 916 2283 Η
942 2241 986 2272 28
1015 2237 1193 2283 Olynthyi
1219 2241 1260 2282 A,
1289 2237 1443 2282 Olynthi

153 2286 180 2317 Β
200 2285 211 2329 ΙΙ
229 2283 407 2331 fa[c]tum
434 2284 482 2319 Pi

1164 2344 1229 2378 11*

1479 1054 1523 1086 15

1476 1350 1522 1382 20

1474 1646 1519 1678 25
