1578 2470
137 727 180 758 10

137 1018 178 1048 15

132 1471 177 1503 20

132 1843 175 1874 25

206 88 293 128 414
703 87 1007 130 QUINTILIANI

206 195 366 237 tentius
399 197 476 249 est⁷
508 194 618 248 quod
644 195 688 235 in
714 195 811 236 albo
837 195 946 249 lego,
977 208 1102 248 quam
1128 195 1239 249 quod
1262 196 1307 237 in
1331 198 1460 239 testa-

206 256 359 295 mento.

291 310 399 365 „Sed
429 313 568 364 pater,
598 311 754 365 inquit,
785 310 922 352 voluit
952 324 1019 351 me
1050 324 1141 352 esse
1170 310 1386 366 heredem,
1418 314 1460 353 et

206 370 299 411 ideo
331 369 646 423 tyrannicidam
679 369 865 423 scripsit,
902 368 999 423 quia
1037 368 1198 410 sciebat
1227 383 1294 410 me
1325 370 1459 411 factu-

206 442 300 468 rum
331 426 695 481 tyrannicidiumf‘
755 426 951 467 Falleris:
991 428 1035 467 te
1074 440 1255 480 namque
1286 427 1460 469 minime

206 485 351 527 voluit.
388 499 489 526 nam
515 486 550 526 si
576 485 792 535 voluisset,
824 484 1065 538 scripsisset
1089 484 1230 526 »filius
1261 499 1391 540 meus,
1423 486 1459 527 si

205 543 353 585 fecerit
384 543 723 597 tyrannicidium,
753 543 875 584 heres
906 542 1013 583 mihi
1045 542 1135 583 sit«
1183 557 1293 585 nunc
1318 545 1460 585 autem

206 603 394 656 apparet,
426 601 637 642 dolentem
669 602 907 655 iratumque
940 601 1160 654 scripsisse
1192 603 1233 641 et
1259 601 1460 655 adoptare

205 660 250 700 in
280 660 421 701 locum
452 659 529 699 filii
561 659 873 713 tyrannicidam
906 659 1101 712 voluisse,
1133 658 1232 712 quia
1261 659 1307 700 in
1332 659 1461 701 virtu-

205 720 293 758 tem
324 717 614 771 tyrannicidae
645 717 782 758 filium
814 716 997 758 excitare
1027 730 1113 757 non
1144 718 1323 769 poterat.
1377 717 1460 758 ira-

205 778 295 816 tum
332 775 412 816 tibi
445 775 538 816 dico
569 775 718 816 fuisse:
764 774 988 816 abdicavit.
1049 788 1278 828 numquam
1308 774 1461 816 leviter

205 834 512 874 excandescunt
550 835 706 886 patres.
767 835 810 874 et
841 847 924 887 qua
955 832 1112 873 causa?
1173 832 1286 886 quod
1316 834 1461 887 tyran-

204 906 306 932 num
339 906 424 932 non
458 891 684 932 occideras.
727 891 855 945 vides,
881 890 1235 944 quemadmodum
1258 890 1460 932 inertiam

207 952 424 990 execratus
464 950 536 999 sit,
575 964 627 989 ne
665 949 831 990 iudiciis
865 948 1034 1002 quidem
1066 948 1188 989 malis
1221 948 1460 991 excitatam.

204 1010 372 1048 tantum
405 1007 646 1048 abdicavit?
678 1007 828 1047 immo:
859 1020 946 1046 non
977 1005 1154 1046 reduxit.
1214 1020 1364 1059 passus
1397 1009 1461 1047 est

204 1066 392 1118 exulare3
434 1079 488 1106 ne
529 1066 714 1106 moriens
752 1064 918 1118 quidem
956 1063 1172 1105 miseritus
1205 1066 1286 1104 est:
1329 1063 1459 1105 etiam

203 1125 464 1164 testamento
497 1123 784 1176 exheredavit,
816 1122 943 1163 etiam
977 1121 1084 1163 alios
1118 1121 1348 1175 adoptavit.

721 1247 748 1290 S
757 1249 792 1290 E
803 1248 841 1290 R
848 1248 891 1288 M
899 1247 946 1290 Ο.

291 1331 480 1373 Ultimae
511 1333 653 1385 partes
687 1330 927 1384 aequitatis.

611 1456 1055 1500 DECLAMATIO.

288 1540 487 1594 ‚,Tamen‚
517 1539 667 1594 inquit,
697 1541 926 1592 tyrannum
952 1537 1123 1578 occidi.“
1160 1536 1270 1578 Puta
1299 1539 1342 1578 te
1373 1552 1459 1579 me—

201 1599 352 1639 ruisse:
384 1598 517 1639 habes
548 1597 783 1651 praemium
810 1611 835 1638 a
859 1611 904 1637 re
930 1595 1110 1650 publica.
1154 1595 1262 1636 illud
1285 1595 1458 1637 virtutis

200 1657 437 1710 praemium
467 1655 592 1697 debet
624 1669 728 1708 esse,
757 1655 839 1695 hoc
868 1653 1046 1695 inertiae
1079 1652 1344 1707 supplicium.
1385 1653 1457 1695 sed

201 1714 368 1768 quando
401 1713 620 1755 occidisti?
651 1714 955 1754 testamentum
986 1713 1029 1751 te
1062 1710 1274 1752 excitavit.

723 1826 948 1869 SERMO.

291 1912 342 1953 In
371 1911 523 1952 ultimo
554 1910 712 1952 tuenda
743 1912 1008 1951 mortuorum
1038 1908 1210 1950 iudicia:
1248 1922 1460 1950 commen-

202 1970 398 2012 dabimus
437 1969 645 2010 iudicibus
676 1970 943 2010 testamenta.
1005 1966 1168 2008 nullam
1199 1969 1340 2007 autem
1370 1980 1460 2007 ma-

297 2100 313 2129 1
337 2095 419 2140 lege
437 2098 464 2128 B
483 2097 495 2139 ss
514 2095 611 2139 quod
629 2095 711 2129 test.
733 2095 878 2129 omissso
896 2093 933 2127 in
951 2095 978 2126 B
997 2094 1009 2138 ΙΙ
1031 2096 1068 2127 11
1092 2093 1118 2127 1;.
1133 2090 1264 2126 timido
1283 2091 1332 2124 fu.
1353 2093 1404 2124 Ab
1424 2094 1456 2125 et

200 2142 277 2177 edd.
297 2142 309 2186 ΙΙ
331 2145 373 2176 14
398 2141 525 2176 iudicii
549 2144 593 2184 B,
619 2141 777 2186 publicis
803 2140 876 2183 Gr,·
898 2140 958 2174 sed
983 2140 1029 2183 cf.
1055 2140 1096 2172 i‘n
1120 2138 1239 2172 indice
1261 2147 1376 2171 vocem
1400 2137 1460 2171 iu-

200 2189 290 2223 dicii
308 2189 321 2233 ΙΙ
341 2192 382 2223 16
407 2188 608 2232 miseritus]
634 2186 848 2221 interfectus
873 2189 899 2220 B
918 2186 930 2230 ΙΙ
955 2190 997 2221 17
1026 2195 1168 2220 exere
1194 2186 1223 2217 Δ
1241 2183 1252 2228 ΙΙ
1273 2186 1316 2217 19
1340 2182 1457 2226 partis

200 2237 263 2268 ΔΒ
283 2236 294 2279 ΙΙ
313 2239 358 2269 24
383 2236 420 2270 te
446 2246 510 2269 om.
537 2237 563 2267 B
582 2235 594 2278 ΙΙ
614 2238 657 2268 26
678 2233 1011 2268 commendavimus
1036 2234 1102 2265 AB
1121 2232 1133 2275 ΙΙ
1151 2234 1194 2265 27
1219 2229 1361 2264 nullum
1386 2231 1413 2262 Β
