1578 2470
177 536 197 567 5

156 907 198 938 10

155 1196 198 1227 15

156 1486 200 1517 20

156 1775 201 1807 25

220 104 307 146 428
701 106 1002 149 QUINTILIANI

661 234 804 278 OGGL
810 234 1047 278 XXXIII.

578 315 729 370 Rapta
760 315 880 358 male
911 315 1128 359 tractata.

225 409 350 458 QUAE
393 420 536 451 VIRUM
578 420 734 450 MALAE
782 420 1115 451 TRACTATIONIS
1163 419 1477 464 DAMNAVERIT,

340 478 529 509 DUPLAM
570 478 727 509 DOTEM
771 477 999 520 RECIPIAT3
1052 478 1091 509 sl
1128 478 1361 510 INDOTATA
1397 479 1478 510 NU-

340 537 511 579 PSEmT,
541 536 685 566 LITEM
715 536 954 566 AESTIMET.
991 525 1129 579 Rapta
1158 525 1329 580 nuptias
1361 528 1479 580 opta-

341 583 415 635 vit,
444 585 595 638 postea
624 583 762 624 virum
787 583 924 624 malae
950 583 1220 624 tractationis
1245 583 1477 626 damnavit:

342 641 462 683 litem
494 643 630 682 morte
662 640 873 682 aestimat.

631 755 1073 798 DECLAMATIO.

311 836 456 879 Nimio
489 851 632 879 amore
664 839 706 879 et
737 838 923 879 sollicita
953 838 1227 892 inquisitione
1257 837 1327 879 hic
1353 837 1479 879 offen-

225 896 288 937 dit
318 910 504 938 uxorem.
566 896 683 937 venit
719 896 794 937 illa
824 896 871 936 in
901 896 1042 937 forum
1074 896 1280 950 gratiosa3
1317 910 1371 937 ne
1401 910 1479 938 nos

224 954 393 1008 quidem
433 953 698 1004 obstitimus,
742 967 823 1008 quo
857 954 996 995 minus
1029 954 1232 1007 vinceret,
1275 955 1323 995 ut
1353 953 1479 996 scire-

225 1026 338 1066 mus,
382 1011 534 1066 quanti
577 1011 719 1052 dotem
761 1012 1016 1053 aestimaret.
1076 1011 1235 1052 iudices
1267 1011 1478 1053 dixerunt:

223 1069 348 1124 »quid
362 1084 440 1111 nos
455 1069 785 1111 intercedimus?
817 1069 978 1123 optime
997 1069 1101 1123 ipsis
1116 1069 1347 1110 conveniet.
1376 1069 1481 1111 haec

223 1130 389 1181 tamen,
432 1142 485 1168 ne
525 1127 613 1168 sine
653 1141 781 1169 causa
817 1127 862 1167 in
900 1127 1038 1168 forum
1075 1126 1269 1168 videatur
1304 1127 1482 1181 venisse,

224 1185 335 1226 ferat
366 1185 526 1239 aliquid
558 1185 719 1227 solatii:
757 1185 864 1226 bene
896 1184 1102 1226 credimus
1134 1185 1197 1225 illi
1229 1184 1317 1226 eius
1348 1184 1482 1238 patri-

226 1243 429 1297 monium,
461 1243 577 1284 euius
603 1243 735 1296 capiti
759 1243 1006 1297 perpercit.«
1049 1256 1298 1284 veneramus
1323 1241 1481 1284 hilares

226 1301 278 1343 ad
311 1301 662 1343 aestimationem.
703 1302 747 1341 at
771 1301 866 1354 ista,
898 1300 1026 1354 »quid
1057 1300 1175 1353 mihi,
1205 1300 1355 1354 inquit,
1386 1314 1482 1342 cum

223 1359 405 1414 pecunia
437 1358 530 1400 est?
563 1360 745 1400 mortem
778 1358 1010 1400 desidero«
1053 1360 1178 1413 putat
1209 1371 1264 1412 se,
1295 1360 1343 1399 ut
1373 1358 1482 1400 occi—

225 1418 361 1471 deret,
391 1417 561 1471 vicisse,
593 1431 700 1471 quae
731 1417 850 1469 vicit,
881 1416 979 1470 quia
1010 1430 1096 1457 non
1128 1415 1350 1458 occiderat.
1410 1415 1484 1457 ob-

229 1475 488 1530 sequendum
519 1477 587 1516 est
615 1475 714 1528 tibi,
746 1474 1008 1516 adulescens:
1047 1473 1157 1515 nihil
1187 1474 1229 1514 in
1262 1474 1483 1515 mulierem

228 1533 383 1575 dicam:
417 1533 489 1575 sed
519 1532 697 1587 patiaris
729 1547 900 1574 causam
930 1534 1051 1573 tuam
1082 1531 1257 1573 defendi.

328 1591 521 1633 Dicimus
585 1590 849 1644 pecuniarias
905 1590 1004 1631 lites
1060 1604 1173 1644 esse3
1221 1589 1484 1643 litigatorem

229 1663 320 1691 esse
351 1663 438 1691 non
469 1663 606 1702 reum,
642 1663 728 1690 non
760 1649 831 1702 qui
862 1648 912 1689 de
943 1648 1080 1701 capite
1113 1647 1338 1689 sortiatur:
1377 1646 1483 1688 illud

230 1707 434 1748 iudicium
488 1706 653 1758 vocari,
709 1706 1024 1759 quaestionem,
1078 1705 1285 1759 quidlibet
1344 1704 1484 1758 potius

230 1779 359 1819 quam
390 1764 521 1805 litem.
583 1763 814 1817 »<litem>
848 1763 1132 1816 aestimet,«
1168 1763 1321 1816 inquit:
1358 1776 1483 1816 quam

227 1823 457 1876 familiare,
494 1836 621 1876 quam
658 1821 917 1863 cotidianum
948 1820 1124 1862 verbum
1163 1819 1256 1861 est?
1317 1819 1354 1861 si
1385 1819 1484 1874 quid

229 1880 543 1923 commodatum
573 1894 659 1922 non
689 1879 890 1931 redditur,
920 1881 1022 1920 nota
1053 1881 1151 1920 sunt
1180 1878 1311 1919 verba
1340 1879 1485 1932 postu-

230 1939 425 1994 lantium,
455 1938 633 1992 »quanti
665 1938 896 1979 aestimet.«
946 1950 1046 1991 ergo
1077 1935 1366 1990 pecuniarium
1397 1949 1485 1978 ver-

229 1997 331 2038 bum
365 1999 441 2038 est.
501 1996 601 2038 huic
632 1998 678 2037 tu
710 1998 891 2037 mortem
922 1998 1048 2049 putas
1081 1993 1245 2036 subici?
1275 1993 1484 2035 veneficus

323 2113 365 2144 12
399 2111 536 2154 quanto
563 2113 592 2143 Δ
624 2111 636 2155 11
669 2113 804 2144 13—14
836 2107 1076 2143 haec·tamen
1101 2118 1167 2143 om.
1192 2110 1218 2141 B
1249 2108 1261 2152 fl
1293 2110 1335 2141 16
1359 2106 1484 2140 illares

225 2159 296 2201 Aa,
323 2157 472 2191 hillares
498 2159 567 2200 Ab,
593 2156 738 2200 hylares
764 2158 790 2189 B
810 2157 821 2201 H
843 2159 884 2190 18
911 2156 967 2190 est
991 2155 1082 2189 mihi
1107 2155 1261 2189 mortem
1285 2155 1312 2187 B
1331 2153 1343 2198 ΙΙ
1363 2155 1405 2187 19
1430 2152 1482 2186 vi-

226 2203 318 2238 cisse
345 2215 379 2247 q.
406 2214 439 2238 v.
467 2215 500 2247 q.
527 2215 560 2237 n.
589 2202 775 2237 occiderat
799 2213 864 2236 om.
889 2204 916 2234 B
949 2203 960 2246 Η
990 2205 1125 2235 22-23
1154 2199 1379 2245 litigatorem
1405 2209 1484 2234 esse

225 2260 292 2285 om.
317 2252 371 2283 Aa
389 2250 400 2294 Η
420 2253 463 2284 25
490 2249 651 2296 (litem)
676 2250 749 2284 Aer
768 2250 779 2293 ΙΙ
799 2251 841 2282 28
867 2247 1104 2293 pecuniarum
1129 2249 1155 2280 B
