1578 2470
197 715 239 746 10

199 1004 241 1035 15

197 1294 242 1326 20

199 1583 242 1615 25

261 77 347 119 436
732 78 1028 122 QU1NT1L1AN1

261 184 478 238 linquitur.
521 183 704 226 Romani
737 186 903 239 generis
936 187 1095 240 auctor,
1125 185 1271 228 divisis
1301 186 1412 228 inter
1443 201 1515 240 pa·

260 245 369 283 trem
402 245 444 283 et
482 242 618 283 filium
658 242 828 296 pietatis
867 242 1036 296 officiis,
1079 257 1174 285 cum
1204 246 1432 298 utrumque
1463 244 1515 286 ad

261 300 508 354 fugiendum
545 299 647 341 anni
677 300 921 355 deficerent,
965 301 1146 342 alterum
1174 301 1294 356 tulit,
1336 302 1516 344 alterum

261 358 405 399 traxit.
445 360 593 412 mater,
618 357 730 399 disce
756 358 916 412 fugere.
952 361 1056 413 puto
1082 373 1168 400 non
1192 359 1419 414 miramini,
1443 373 1516 401 cur

264 418 399 456 mater
423 429 510 457 non
534 416 724 470 recipiat,
751 430 875 470 quem
899 419 990 458 tam
1014 417 1142 458 vilem
1166 416 1307 471 habet,
1337 419 1386 460 ut
1408 420 1516 459 tam-

264 487 390 527 quam
427 473 604 515 cadaver
633 474 857 528 relinquat.

356 530 570 585 „Primus,
601 532 756 586 inquit,
789 532 912 574 heres
943 531 1104 586 periit.“
1161 532 1246 574 nisi
1281 531 1425 586 fallor,
1456 533 1517 574 iu-

264 589 388 643 dices,
418 589 462 630 in
492 589 574 631 hoc
604 590 894 631 controversia
924 592 1000 644 est,
1031 591 1173 632 utrum
1197 590 1395 632 fluctibus
1422 591 1517 632 sub-

263 661 424 688 mersus
458 648 515 688 sit
545 661 649 701 puer
680 662 733 688 an
764 662 789 689 a
819 648 972 701 piratis
1001 650 1150 703 raptus
1182 648 1250 690 sit.
1309 647 1356 690 Si
1386 648 1514 690 doceo

264 718 352 746 non
375 705 548 759 perisse,
572 705 774 747 nimirum
799 708 948 760 raptus
974 708 1055 760 est3
1082 707 1118 748 si
1141 711 1311 760 raptum
1330 706 1518 757 ostendo,

266 762 394 804 doceo
421 763 550 804 etiam
576 763 733 818 vivere,
766 763 802 805 si
827 764 950 805 vivit:
975 764 1175 806 nimirum
1199 764 1268 805 hic
1293 766 1371 819 est,
1397 777 1521 818 quem

265 820 428 862 invenit
459 821 651 875 libertus,
683 821 809 863 evicit
834 821 1035 876 adsertor,
1065 822 1189 864 iudex
1219 821 1397 876 remisit,
1428 822 1522 864 avia

267 879 440 933 recepit.

354 936 526 990 Verum,
557 939 605 978 ut
634 938 903 992 propositum
935 937 1123 979 ordinem
1149 951 1311 992 sequar,
1342 950 1452 992 nego
1477 938 1522 979 in

267 995 374 1035 mari
404 995 579 1048 perisse.
640 994 761 1036 Litus
794 995 1051 1036 amoenitate
1081 997 1252 1048 notum,
1290 1009 1521 1049 numquam

266 1053 377 1094 elato
411 1052 597 1093 adluitur
628 1052 753 1107 mari,
797 1053 869 1094 sed
899 1052 1087 1094 molliter
1117 1052 1326 1095 devexum⁴
1355 1053 1522 1106 aequali

266 1110 460 1164 planitie,
503 1109 711 1163 paulatim
748 1110 1069 1164 superveniente
1106 1110 1302 1165 pelago,
1324 1110 1522 1152 subsidit.

268 1168 397 1222 longo
430 1167 570 1222 spatio
607 1168 916 1222 ingredientem
947 1168 1118 1222 fatigat,
1161 1170 1261 1210 ante
1299 1182 1425 1222 quam
1456 1168 1523 1209 de-

267 1227 427 1269 stituat.
487 1240 632 1279 porro,
682 1228 730 1267 tu
771 1226 1005 1280 tranquillo
1055 1226 1164 1267 mari
1206 1240 1262 1268 an
1302 1228 1524 1268 aestuante

271 1297 500 1339 progressa
537 1283 611 1325 es‘?
665 1283 908 1325 credibilius
941 1284 1100 1326 scilicet
1131 1283 1183 1326 ad
1213 1283 1316 1326 haec
1342 1284 1525 1326 oblecta-

267 1344 411 1383 menta
442 1341 641 1383 laetiores
672 1342 870 1396 eligimus
902 1341 1009 1395 dies3
1052 1341 1248 1384 horridus
1279 1355 1379 1384 vero
1411 1341 1518 1383 deci-

267 1400 458 1440 dentium
483 1399 691 1441 undarum
715 1399 863 1453 fragor
887 1402 930 1441 et
954 1399 1240 1441 exaestuantis
1265 1399 1417 1441 fluctus
1442 1400 1520 1441 mi-

268 1472 350 1498 nax
381 1457 528 1499 facies:
561 1460 603 1499 et
633 1457 732 1511 tibi,
763 1460 996 1511 opportune
1027 1458 1255 1499 secundum
1286 1458 1382 1511 ipsa
1405 1457 1524 1499 habi-

267 1515 378 1556 tanti
397 1516 536 1569 litora,
554 1529 640 1557 non
664 1516 879 1570 rapienda,
899 1516 972 1557 sed
991 1515 1249 1569 expectanda
1261 1515 1524 1571 †obsessi0†

270 1575 343 1615 est.
375 1574 437 1615 ita
461 1574 644 1627 habitas,
675 1576 722 1615 ut
746 1573 826 1615 tibi
852 1575 980 1615 etiam
1004 1573 1338 1627 tranquillitates
1364 1573 1520 1627 eligere

267 1631 486 1673 fastidiose
511 1632 650 1673 liceat.
684 1646 784 1673 sane
809 1634 955 1673 tamen
981 1631 1165 1673 adversis
1191 1631 1518 1685 tempestatibus

269 1691 311 1729 et
351 1689 635 1731 saevientibus
676 1703 720 1730 se
761 1689 882 1730 undis
924 1689 1073 1730 offerre
1113 1689 1304 1730 libuerit:
1351 1703 1404 1730 ne
1441 1689 1521 1731 hoc

270 1746 437 1800 quidem
468 1746 766 1800 periculosum.
805 1747 1015 1788 venientis
1041 1746 1153 1788 enim
1178 1746 1329 1788 fluctus
1357 1748 1399 1787 et
1423 1761 1519 1788 con-

367 1899 384 1929 1
411 1894 526 1930 Roma
554 1898 584 1928 A
601 1895 613 1939 ΙΙ
638 1898 659 1928 4
691 1895 892 1940 miramini]
920 1896 1046 1930 natum
1072 1899 1096 1927 P
1127 1896 1139 1939 ΙΙ
1169 1898 1188 1930 7
1214 1894 1300 1940 nisi]
1326 1893 1365 1929 ni
1389 1897 1415 1928 Β
1445 1896 1458 1939 ΙΙ
1485 1898 1525 1929 11

272 1942 355 1976 dico
382 1941 581 1977 etiamnum
606 1941 728 1976 vivere
753 1941 916 1986 Fr1115
954 1941 1007 1976 de
1046 1952 1244 1976 amoeno
1280 1940 1431 1976 litore
1464 1944 1527 1978 Δ]

277 1991 319 2022 16
353 1987 570 2022 alluitur
600 1990 629 2021 Δ
653 1988 665 2032 ΙΙ
693 1991 733 2022 17
761 1988 925 2023 subsedit
949 1990 1031 2031 AB,
1057 1998 1145 2023 corr.
1173 1987 1259 2032 Frn
1288 1991 1330 2022 19
1355 1987 1418 2032 an]
1446 1987 1529 2021 avia

275 2037 301 2067 Β
332 2035 343 2079 ΙΙ
374 2038 417 2068 21
445 2034 621 2079 elegimus
646 2037 710 2067 AB
730 2035 741 2078 ΙΙ
769 2038 856 2068 21-
861 2038 905 2068 22
932 2015 1115 2069 decidenti
1139 2033 1198 2069 vie
1222 2034 1398 2068 undarum
1423 2035 1466 2076 B,
1493 2034 1526 2067 d.

275 2080 355 2115 viae
382 2093 416 2115 u.
442 2083 469 2114 P
493 2082 504 2125 ΙΙ
535 2085 578 2115 22
605 2081 782 2115 estuantis
806 2083 832 2114 Β
864 2081 875 2125 ΙΙ
906 2085 949 2116 23
976 2081 1181 2125 opportuna
1205 2083 1288 2123 AB,
1325 2089 1415 2115 corr.
1441 2079 1519 2132 R⁰.l

276 2126 363 2161 sedu
388 2130 450 2171 Aa,
477 2127 616 2162 seundu
628 2129 691 2169 Ab,
717 2137 838 2161 secum
857 2130 883 2160 B
901 2129 914 2172 ΙΙ
931 2126 1003 2171 ipsi
1028 2127 1220 2161 habitandi
1242 2129 1268 2159 B
1287 2127 1299 2170 ΙΙ
1318 2129 1363 2160 24
1387 2126 1527 2160 occasio

276 2172 334 2216 Pi,
361 2172 561 2208 oblectatio
589 2173 642 2208 Gr
671 2174 758 2218 1125
782 2172 1115 2218 tranquillitatisB
1145 2174 1157 2218 ΙΙ
1187 2176 1230 2207 27
1258 2172 1526 2207 sevenientibus

277 2222 338 2261 Aa,
366 2219 634 2254 scaevientibus
660 2220 706 2263 (et
729 2220 892 2257 similiter
913 2222 1049 2264 postea)
1075 2223 1100 2253 P
1119 2220 1130 2264 l}
1149 2218 1314 2254 secundis
1337 2221 1364 2252 Β
