1578 2470
124 748 168 779 10

124 1036 167 1068 15

122 1326 166 1358 20

119 1614 165 1646 25

194 107 280 149 402
674 107 975 149 QUINTILIANI

195 229 285 268 cos,
330 217 404 256 aut
446 214 653 268 dissipata
692 213 859 255 luxuria
894 214 1007 256 bona
1047 218 1090 256 et
1132 215 1271 257 aliena
1317 216 1451 258 aetati

194 271 332 314 vitia?
392 272 524 313 habet
559 272 640 314 hoc
677 272 835 313 crimen
872 271 1020 313 domus
1058 275 1220 327 nostra,
1260 273 1296 314 si
1331 288 1451 316 reum

194 334 347 372 mutas.
409 344 464 372 an
495 344 594 371 vero
627 329 833 371 desidiam
866 330 1015 372 obicis:
1053 330 1212 372 bellum
1241 345 1327 373 non
1359 346 1450 373 sen-

193 389 286 430 tio‘?
329 388 497 430 hostem
527 402 613 429 non
642 387 876 441 intellego?
923 389 1108 441 patriam
1138 403 1221 430 non
1253 389 1450 431 vindico?

195 446 466 500 „praemium,
496 446 647 500 inquit,
681 460 770 486 non
801 445 959 500 optas.“
1007 445 1117 488 Puta
1146 461 1213 488 me
1243 447 1450 488 rationem

194 519 282 546 non
312 518 436 558 posse
467 504 652 545 reddere.
694 518 780 544 non
813 506 877 545 est
907 504 1030 546 unius
1062 504 1249 546 criminis
1280 505 1450 546 demen-

192 563 264 604 tia.
332 565 379 603 ut
431 562 512 603 hoc
567 562 623 603 sit
672 564 968 616 argumentum
1023 562 1277 616 dementiae,
1335 563 1450 604 infir-

193 635 308 661 mum
347 622 430 674 est,
477 620 574 674 quia
625 620 762 661 solum
811 622 887 661 est.
957 619 1104 661 deinde
1141 634 1369 675 numquam
1406 621 1451 661 in

192 693 277 720 uno
317 679 528 719 dementia
563 677 907 731 deprehenditur:
953 678 1073 719 obice
1116 681 1159 720 et
1196 678 1294 720 alia.
1369 676 1451 719 Sed

195 736 330 790 quid‘?
380 737 416 777 si
452 750 504 778 ne
541 735 622 777 hoc
663 736 832 790 quidem
863 736 974 777 obici
1003 735 1176 790 potest?
1226 735 1355 790 quid?
1403 738 1452 777 tu

193 794 500 835 liberalitatem
538 794 793 835 dementiam
831 793 989 835 vocas?
1036 808 1121 835 non
1158 793 1330 848 expedit
1358 793 1452 847 tibi,

193 852 458 906 adulescens,
495 851 605 893 hanc
644 852 783 905 legem
814 851 1092 894 introducere.
1151 866 1260 906 „non
1291 850 1453 905 optas.“

193 925 289 964 age:
333 910 525 964 quisquis
564 924 649 951 non
687 912 751 950 est
783 924 954 963 avarus,
997 910 1169 951 demens
1202 909 1295 950 est?
1343 909 1451 951 varii

192 971 290 1008 sunt
328 983 478 1010 mores.
539 970 643 1022 puta
680 982 747 1008 me
784 968 897 1009 nolle
936 970 1102 1021 optare,
1142 982 1227 1008 non
1258 966 1452 1020 concupi-

194 1040 308 1067 scere
339 1026 595 1080 praemium:
630 1039 715 1066 non
746 1025 927 1078 invenio,
959 1025 1060 1078 quid
1091 1027 1240 1078 optare
1271 1025 1449 1079 possim3

192 1083 340 1125 deinde
366 1084 550 1137 patriam
578 1097 752 1124 onerare
776 1083 875 1124 nolo
902 1083 1014 1124 bello
1043 1082 1274 1136 adflictam3
1300 1081 1450 1123 deinde

192 1141 404 1196 gratuitae
439 1141 593 1182 debent
618 1155 709 1182 esse
735 1141 933 1194 virtutes3
966 1140 1114 1181 deinde
1138 1141 1219 1181 hoc
1243 1143 1310 1181 est
1333 1153 1451 1193 prae-

191 1199 343 1251 mium,
386 1199 542 1240 intueri
580 1198 813 1239 debitorem
853 1198 1070 1252 populum.
1129 1197 1229 1239 licet
1271 1197 1452 1238 differre.

192 1257 417 1311 permittes
449 1260 492 1298 et
522 1259 598 1298 tua
629 1270 774 1297 causa:
805 1270 979 1297 uxorem
1010 1256 1092 1297 tibi
1123 1258 1238 1310 opto,
1268 1255 1450 1296 honores

193 1318 307 1370 opto.
362 1313 556 1369 „Statim,
587 1314 736 1368 inquit,
768 1313 906 1367 opta.“
958 1313 1074 1368 Ergo
1106 1314 1142 1355 si
1171 1313 1294 1367 facio,
1325 1327 1451 1354 sanus

193 1373 318 1414 sum?
370 1388 421 1414 en
458 1373 636 1425 crimen,
673 1372 783 1426 quod
822 1372 966 1412 statim
1004 1371 1101 1412 tolli
1140 1371 1302 1426 potest!
1352 1370 1452 1424 quid

191 1432 255 1472 vis
294 1431 468 1486 optem?
518 1432 620 1484 opto
660 1433 840 1471 statuas:
884 1430 1049 1471 vultum
1085 1429 1318 1483 contrahit3
1362 1428 1451 1470 dies

190 1489 342 1530 festos:
375 1489 583 1530 irascitur.
651 1487 750 1542 quid
794 1487 954 1542 igitur?
1002 1487 1285 1541 „pecuniam.“
1327 1489 1371 1527 et
1414 1486 1451 1527 si

192 1547 302 1588 hanc
324 1547 552 1601 desideras,
576 1560 649 1587 cur
667 1560 754 1587 non
772 1545 943 1587 fortiter
961 1545 1214 1600 pugnabas?
1247 1544 1450 1586 descende

192 1606 236 1645 in
277 1605 421 1646 aciem.
483 1619 536 1646 an
577 1617 656 1657 ego
689 1618 764 1657 pro
795 1606 837 1644 te
868 1603 1082 1658 pugnavi?
1141 1603 1178 1644 si
1207 1616 1450 1656 perseveras

192 1663 237 1703 in
268 1662 362 1704 foro
388 1662 532 1716 potius
552 1662 751 1715 militare,
784 1676 910 1715 quam
941 1661 984 1702 in
1010 1661 1186 1715 proelio,
1217 1659 1450 1702 absolutio-

192 1734 289 1761 nem
323 1723 437 1774 opto.
487 1721 590 1761 tolle
622 1719 836 1760 iudicium.

285 1850 306 1880 6
332 1847 388 1880 est
413 1855 477 1880 om.
503 1850 528 1878 P
558 1846 570 1890 ss
600 1848 690 1879 8—9
722 1844 759 1879 in
785 1855 935 1879 numero
961 1843 1146 1878 dementia
1169 1846 1195 1877 B
1223 1845 1235 1887 ΙΙ
1264 1846 1306 1878 15
1332 1842 1384 1887 qd
1408 1845 1448 1886 Δ,

189 1892 285 1936 quod
310 1894 336 1925 B
355 1892 367 1936 ΙΙ
397 1895 438 1926 16
463 1901 614 1926 onerare
640 1902 705 1926 om.
730 1894 757 1924 Β
781 1893 794 1935 ΙΙ
822 1895 865 1926 18
891 1891 1098 1926 debitorum
1121 1892 1148 1923 Β
1178 1891 1190 1935 ΙΙ
1225 1893 1360 1924 19-20
1386 1889 1448 1923 ho-

188 1949 295 1974 nores
325 1939 412 1983 opto
438 1949 502 1973 om.
528 1941 580 1972 Aa
598 1938 610 1982 ΙΙ
634 1937 823 1984 opt<ab>o
848 1938 931 1972 hon.
958 1935 1146 1984 opt<ab>0
1171 1938 1245 1972 Aer
1262 1937 1274 1982 ss
1293 1939 1337 1970 20
1362 1946 1449 1979 ergo

188 1995 253 2021 om.
280 1987 306 2018 B
325 1986 337 2030 ΙΙ
358 1988 401 2019 22
427 1984 482 2019 vis
508 1986 595 2029 opta
620 1985 760 2019 statuas
792 1987 818 2017 Β
837 1984 849 2028 ΙΙ
868 1988 911 2019 26
940 1987 979 2017 Ν
1008 1987 1037 2016 Δ
