1586 2476
408 97 832 135 DECLAMATIONES.
871 96 898 133 C
903 95 1080 133 CXLVII.
1330 95 1386 138 13

99 224 261 269 genere
301 209 411 264 litis,
452 209 593 252 nullas
627 221 719 250 esse
751 206 988 262 digniores,
1028 218 1135 260 quae
1168 204 1388 247 retineant

99 270 357 313 maritorum
385 268 668 322 hereditates,
705 281 836 322 quam
871 280 962 321 eaS,
998 279 1106 321 quae
1141 278 1297 306 uxores
1337 278 1389 306 ex

99 332 230 386 raptu
260 343 354 371 esse
392 329 645 383 coeperunt3
695 325 899 382 quoniam
929 328 1032 380 post
1063 326 1237 379 raptum
1268 323 1389 366 nulla

99 403 208 432 uxor
239 390 319 444 est,
349 387 435 429 nisi
460 386 669 430 beneficio
698 400 788 429 suo.
829 399 878 428 ac
902 384 1092 428 forsitan
1122 383 1223 426 inde
1257 383 1389 426 etiam

101 449 173 491 lex
203 448 289 490 ista
321 446 554 489 deseendit.
1417 453 1437 485 5

190 507 260 550 Ad
296 506 375 549 illa
414 506 524 548 libet
565 506 806 561 pervenire,
845 504 900 547 ad
943 518 1052 560 quae
1085 517 1187 560 pars
1220 503 1391 545 diversa

102 570 246 611 vocat:
292 581 349 609 an
386 566 493 608 haec
530 565 661 621 digna
695 565 769 620 sit,
813 579 922 620 quae
954 563 1101 606 uxoris
1132 576 1292 604 nomen
1324 576 1391 604 ac-

101 627 245 682 cipiat.
287 624 334 668 Si
364 625 447 668 hoc
478 627 651 668 tantum
683 624 886 667 dicerem:
918 623 1075 666 meruit
1106 621 1392 664 hereditatem

101 701 182 742 pro
201 685 373 740 iniuria,
397 686 544 740 posset
562 687 711 727 tamen
735 683 874 726 videri
898 682 1118 725 hereditas
1143 682 1230 724 ista
1256 695 1391 738 genus

103 745 321 800 quoddam
347 744 669 787 satisfactionis.
726 744 888 786 Amata
921 745 987 785 est
1019 742 1073 784 ab
1107 741 1393 784 adulescente.
1421 751 1464 784 10

103 804 232 847 debet
262 804 346 846 hoc
384 818 554 860 quoque
585 803 731 846 valere
762 804 808 844 in
838 803 1039 858 portione
1069 801 1159 843 litis
1194 800 1393 855 huiusce3

101 863 215 906 nihil
249 863 325 906 ille
359 863 532 919 maluit,
571 877 702 917 quam
731 862 818 905 ista
850 863 980 917 bona,
1014 861 1187 903 etiamsi
1218 860 1395 915 viveret,

104 937 198 966 esse
239 922 498 966 communia.
559 922 634 964 ille
671 922 775 964 fecit
811 921 880 963 his
921 921 1049 963 bonis
1086 920 1200 962 hanc
1239 920 1394 975 legem.

105 981 298 1037 speravit
334 981 386 1023 de
425 995 476 1023 ea
507 980 773 1024 adulescens.
834 980 932 1023 ideo
963 994 1120 1036 rogare
1153 994 1283 1021 ausus
1316 983 1394 1021 est.

101 1040 290 1097 Nuptias
322 1040 453 1097 petiit
484 1040 631 1096 puella
653 1065 704 1072 -—
726 1055 815 1083 non
847 1040 941 1083 dico
974 1054 1086 1082 nunc
1120 1038 1170 1081 de
1202 1039 1294 1081 iure
1315 1053 1394 1080 —:
1424 1048 1466 1081 15

104 1101 313 1157 cogitate,
340 1103 548 1156 quantum
572 1100 831 1143 beneficium
870 1099 971 1142 dare
1009 1099 1215 1153 voluerit3
1247 1099 1395 1152 immo,

104 1160 219 1216 quod
257 1160 310 1202 ad
341 1161 484 1214 ipsam
514 1159 721 1215 pertinet,
759 1159 942 1201 dederit:
986 1158 1157 1201 remisit
1193 1158 1396 1200 iniuriam

102 1221 256 1275 raptae
283 1219 546 1276 virginitatis
574 1234 635 1275 ea,
662 1220 729 1261 eui
755 1219 825 1261 lex
851 1221 896 1261 et
922 1219 1149 1271 morte[m]
1176 1217 1396 1260 vindicare

102 1279 314 1334 permisit.

192 1337 309 1394 „Sed
341 1352 436 1381 sero
471 1337 554 1380 hoc
589 1337 744 1380 dedit.“
803 1337 995 1380 Etiamsi
1027 1337 1156 1379 huius
1188 1336 1396 1379 tarditate
1424 1345 1470 1379 20

106 1397 270 1439 factum
309 1399 441 1452 esset,
486 1411 576 1439 non
615 1397 734 1439 illius
776 1397 1075 1451 festinatione,
1118 1396 1211 1438 noli
1251 1398 1399 1438 tamen

106 1456 257 1499 mirari
288 1456 509 1512 pudicam,
553 1457 591 1498 si
637 1456 816 1499 castitas
854 1471 942 1498 non
980 1456 1131 1498 statim
1166 1456 1257 1498 irae
1296 1470 1398 1498 suae

106 1516 319 1572 imperare
359 1515 515 1571 potuit.
584 1516 692 1558 satis
732 1518 932 1571 praestat
970 1517 1116 1571 rapta,
1161 1529 1271 1570 quae
1311 1530 1399 1557 non

107 1575 194 1618 cito
221 1577 357 1630 optat.
410 1575 498 1630 „At
529 1576 644 1618 enim
675 1576 764 1618 iam
795 1575 1023 1617 vulnerato
1050 1575 1232 1631 optavit,
1264 1589 1398 1630 quon-

107 1634 197 1677 iam
215 1635 474 1677 moriturum
495 1635 681 1677 sciebat:
707 1635 903 1690 captavit
921 1633 1249 1677 hereditatem.“
1279 1633 1398 1676 Num
1425 1643 1470 1677 25

107 1693 244 1749 igitur
270 1693 465 1736 animum
489 1694 662 1749 puellae
701 1709 726 1736 a
756 1694 908 1750 primis
941 1694 1213 1749 temporibus
1245 1697 1400 1750 raptor

109 1752 360 1810 ignoravit?
421 1767 632 1809 magnum
664 1754 919 1796 clementiae
951 1757 1270 1809 argumentum.
1330 1754 1399 1797 eui

107 1814 305 1868 potestas
338 1812 524 1855 adeundi
554 1814 840 1869 magistratus
868 1814 1032 1869 statim,
1058 1814 1271 1869 permissa
1303 1828 1399 1856 con-

107 1872 228 1915 tinuo
259 1886 361 1928 vox,
399 1887 485 1928 qua
526 1887 571 1915 se
618 1876 661 1916 et
692 1873 897 1915 iniuriam
939 1887 1062 1916 suam
1101 1874 1399 1927 ulcisceretur,

107 1931 253 1974 finiret
284 1946 416 1974 onera
452 1932 630 1987 pudoris
664 1932 748 1975 sui:
781 1932 902 1975 audit
931 1935 1139 1989 rogantes
1172 1933 1256 1975 diu.
1312 1933 1398 1988 pri·
1427 1943 1472 1976 30

109 2005 231 2033 mum
255 1991 339 2034 hoc
363 1992 677 2047 praeiudicium
702 1993 792 2035 eius
820 1994 906 2048 est,
945 2007 1054 2047 quae
1093 1993 1266 2035 exorari
1303 2007 1400 2048 pos—

112 2050 181 2093 sit.
220 2052 370 2106 rogari
401 2051 532 2107 velle,
564 2067 643 2106 pro
671 2052 912 2108 <e>rogato
958 2055 1036 2094 est.
1097 2051 1195 2095 Hoc
1225 2055 1400 2095 tantum

208 2159 229 2192 6
255 2157 332 2200 atq3
358 2159 422 2201 Aa,
448 2157 519 2201 add
548 2160 600 2191 Ab
621 2158 632 2202 Η
654 2161 698 2192 10
711 2157 950 2192 abolescente
965 2160 995 2191 A
1014 2158 1026 2203 Η
1047 2162 1090 2192 11
1106 2168 1252 2203 quoque
1273 2158 1344 2194 hoc
1359 2160 1400 2201 A,

113 2213 206 2239 corr.
231 2202 291 2239 Ro
310 2203 321 2248 fl
343 2208 387 2239 18
412 2205 605 2251 morte[m]
633 2205 688 2240 Gr
706 2205 718 2250 ΙΙ
738 2208 782 2240 20
808 2204 1027 2241 tarditatem
1047 2208 1078 2239 A
1096 2207 1107 2251 Ι]
1127 2210 1172 2241 28
1200 2205 1334 2240 emissa
1360 2208 1401 2249 A,

113 2260 206 2286 corr.
230 2250 296 2286 Bu
314 2251 326 2297 [Ι
346 2251 524 2288 continua
548 2255 589 2298 A,
617 2263 707 2288 corr.
738 2252 788 2288 Pi
806 2253 818 2296 ΙΙ
837 2256 882 2288 31
906 2253 1068 2298 §ludia
1093 2256 1124 2287 A
1143 2254 1153 2299 Η
1173 2257 1218 2288 32
1244 2251 1400 2300 *<e>r0-

113 2298 219 2342 gat03
246 2299 461 2335 exoratione
487 2299 558 2336 Βοὴ
