<?xml version="1.0" encoding="UTF-8"?>
<!DOCTYPE html PUBLIC "-//W3C//DTD XHTML 1.0 Transitional//EN"
    "http://www.w3.org/TR/xhtml1/DTD/xhtml1-transitional.dtd">
<html xmlns="http://www.w3.org/1999/xhtml" xml:lang="en" lang="en">
 <head>
  <title>
</title>
<meta http-equiv="Content-Type" content="text/html;charset=utf-8" />
  <meta name='ocr-system' content='tesseract 3.04.00' />
  <meta name='ocr-capabilities' content='ocr_page ocr_carea ocr_par ocr_line ocrx_word'/>
</head>
<body>
  <div class='ocr_page' id='page_1' title='image "./declamationesqua00quinuoft_0350.png"; bbox 0 0 1604 2488; ppageno 0'>
   <div class='ocr_carea' id='block_1_1' title="bbox 229 742 270 772">
    <p class='ocr_par' dir='ltr' id='par_1_1' title="bbox 229 742 270 772">
     <span class='ocr_line' id='line_1_1' title="bbox 229 742 270 772; baseline 0 0"><span class='ocrx_word' id='word_1_1' title='bbox 229 742 270 772; x_wconf 90' lang='lat'><strong>10</strong></span> 
     </span>
    </p>
   </div>
   <div class='ocr_carea' id='block_1_2' title="bbox 227 1031 269 1062">
    <p class='ocr_par' dir='ltr' id='par_1_2' title="bbox 227 1031 269 1062">
     <span class='ocr_line' id='line_1_2' title="bbox 227 1031 269 1062; baseline 0 0"><span class='ocrx_word' id='word_1_2' title='bbox 227 1031 269 1062; x_wconf 87' lang='lat'><strong>15</strong></span> 
     </span>
    </p>
   </div>
   <div class='ocr_carea' id='block_1_3' title="bbox 222 1321 270 1353">
    <p class='ocr_par' dir='ltr' id='par_1_3' title="bbox 222 1321 270 1353">
     <span class='ocr_line' id='line_1_3' title="bbox 222 1321 270 1353; baseline 0.021 -1"><span class='ocrx_word' id='word_1_3' title='bbox 222 1321 270 1353; x_wconf 73' lang='lat'><strong>20</strong></span> 
     </span>
    </p>
   </div>
   <div class='ocr_carea' id='block_1_4' title="bbox 226 1611 270 1643">
    <p class='ocr_par' dir='ltr' id='par_1_4' title="bbox 226 1611 270 1643">
     <span class='ocr_line' id='line_1_4' title="bbox 226 1611 270 1643; baseline 0 0"><span class='ocrx_word' id='word_1_4' title='bbox 226 1611 270 1643; x_wconf 81' lang='lat'><strong>25</strong></span> 
     </span>
    </p>
   </div>
   <div class='ocr_carea' id='block_1_5' title="bbox 225 1902 270 1934">
    <p class='ocr_par' dir='ltr' id='par_1_5' title="bbox 225 1902 270 1934">
     <span class='ocr_line' id='line_1_5' title="bbox 225 1902 270 1934; baseline 0.022 -1"><span class='ocrx_word' id='word_1_5' title='bbox 225 1902 270 1934; x_wconf 87' lang='lat'><strong>30</strong></span> 
     </span>
    </p>
   </div>
   <div class='ocr_carea' id='block_1_6' title="bbox 299 106 1080 149">
    <p class='ocr_par' dir='ltr' id='par_1_6' title="bbox 299 106 1080 149">
     <span class='ocr_line' id='line_1_6' title="bbox 299 106 1080 149; baseline -0.008 -2"><span class='ocrx_word' id='word_1_6' title='bbox 299 106 386 148; x_wconf 85' lang='lat'><strong>314</strong></span> <span class='ocrx_word' id='word_1_7' title='bbox 782 106 1080 149; x_wconf 83' lang='lat' dir='ltr'><strong>QUINTILIANI</strong></span> 
     </span>
    </p>
   </div>
   <div class='ocr_carea' id='block_1_7' title="bbox 294 213 1558 1946">
    <p class='ocr_par' dir='ltr' id='par_1_7' title="bbox 294 213 1558 1946">
     <span class='ocr_line' id='line_1_7' title="bbox 299 213 1556 269; baseline 0.002 -15"><span class='ocrx_word' id='word_1_8' title='bbox 299 226 391 254; x_wconf 90' lang='lat' dir='ltr'><strong>esse</strong></span> <span class='ocrx_word' id='word_1_9' title='bbox 423 213 626 267; x_wconf 81' lang='lat' dir='ltr'><strong>aliquem,</strong></span> <span class='ocrx_word' id='word_1_10' title='bbox 665 213 738 267; x_wconf 92' lang='lat' dir='ltr'><strong>qui</strong></span> <span class='ocrx_word' id='word_1_11' title='bbox 768 213 812 254; x_wconf 91' lang='lat' dir='ltr'><strong>in</strong></span> <span class='ocrx_word' id='word_1_12' title='bbox 843 214 1018 255; x_wconf 88' lang='lat' dir='ltr'><strong>summis</strong></span> <span class='ocrx_word' id='word_1_13' title='bbox 1049 214 1110 255; x_wconf 91' lang='lat' dir='ltr'><strong>rei</strong></span> <span class='ocrx_word' id='word_1_14' title='bbox 1140 214 1352 269; x_wconf 86' lang='lat' dir='ltr'><strong>publicae,</strong></span> <span class='ocrx_word' id='word_1_15' title='bbox 1389 217 1436 256; x_wconf 88' lang='lat' dir='ltr'><strong>ut</strong></span> <span class='ocrx_word' id='word_1_16' title='bbox 1465 217 1556 256; x_wconf 89' lang='lat' dir='ltr'><strong>tum</strong></span> 
     </span>
     <span class='ocr_line' id='line_1_8' title="bbox 297 270 1556 325; baseline 0.002 -14"><span class='ocrx_word' id='word_1_17' title='bbox 297 270 532 325; x_wconf 85' lang='lat' dir='ltr'><strong>videbatur,</strong></span> <span class='ocrx_word' id='word_1_18' title='bbox 562 271 773 325; x_wconf 88' lang='lat' dir='ltr'><strong>periculis,</strong></span> <span class='ocrx_word' id='word_1_19' title='bbox 805 273 1019 313; x_wconf 70' lang='lat' dir='ltr'><strong>excuteret</strong></span> <span class='ocrx_word' id='word_1_20' title='bbox 1050 271 1285 314; x_wconf 83' lang='lat' dir='ltr'><strong>veritatem.</strong></span> <span class='ocrx_word' id='word_1_21' title='bbox 1335 272 1556 315; x_wconf 79' lang='lat' dir='ltr'><strong>dicebatur</strong></span> 
     </span>
     <span class='ocr_line' id='line_1_9' title="bbox 297 328 1557 383; baseline 0.003 -15"><span class='ocrx_word' id='word_1_22' title='bbox 297 328 490 382; x_wconf 83' lang='lat' dir='ltr'><strong>proditor</strong></span> <span class='ocrx_word' id='word_1_23' title='bbox 535 328 708 383; x_wconf 84' lang='lat' dir='ltr'><strong>aliquis3</strong></span> <span class='ocrx_word' id='word_1_24' title='bbox 754 329 967 371; x_wconf 89' lang='lat' dir='ltr'><strong>clamabat</strong></span> <span class='ocrx_word' id='word_1_25' title='bbox 1013 329 1176 371; x_wconf 86' lang='lat' dir='ltr'><strong>delator</strong></span> <span class='ocrx_word' id='word_1_26' title='bbox 1218 330 1286 372; x_wconf 73' lang='lat' dir='ltr'><strong>»si</strong></span> <span class='ocrx_word' id='word_1_27' title='bbox 1326 330 1432 372; x_wconf 90' lang='lat' dir='ltr'><strong>mihi</strong></span> <span class='ocrx_word' id='word_1_28' title='bbox 1475 345 1557 372; x_wconf 82' lang='lat' dir='ltr'><strong>vox</strong></span> 
     </span>
     <span class='ocr_line' id='line_1_10' title="bbox 298 386 1556 443; baseline 0.003 -17"><span class='ocrx_word' id='word_1_29' title='bbox 298 388 422 437; x_wconf 89' lang='lat' dir='ltr'><strong>esset,</strong></span> <span class='ocrx_word' id='word_1_30' title='bbox 455 386 491 427; x_wconf 92' lang='lat' dir='ltr'><strong>si</strong></span> <span class='ocrx_word' id='word_1_31' title='bbox 518 386 618 440; x_wconf 90' lang='lat' dir='ltr'><strong>quid</strong></span> <span class='ocrx_word' id='word_1_32' title='bbox 644 386 910 441; x_wconf 85' lang='lat' dir='ltr'><strong>eloquentiae</strong></span> <span class='ocrx_word' id='word_1_33' title='bbox 934 389 1087 429; x_wconf 88' lang='lat' dir='ltr'><strong>natura</strong></span> <span class='ocrx_word' id='word_1_34' title='bbox 1111 387 1343 443; x_wconf 81' lang='lat' dir='ltr'><strong>tribuisset,</strong></span> <span class='ocrx_word' id='word_1_35' title='bbox 1373 388 1458 430; x_wconf 89' lang='lat' dir='ltr'><strong>iam</strong></span> <span class='ocrx_word' id='word_1_36' title='bbox 1483 402 1556 430; x_wconf 81' lang='lat' dir='ltr'><strong>vo-</strong></span> 
     </span>
     <span class='ocr_line' id='line_1_11' title="bbox 298 443 1557 501; baseline 0.002 -16"><span class='ocrx_word' id='word_1_37' title='bbox 298 443 364 485; x_wconf 91' lang='lat' dir='ltr'><strong>bis</strong></span> <span class='ocrx_word' id='word_1_38' title='bbox 396 444 691 499; x_wconf 82' lang='lat' dir='ltr'><strong>ostendissem,</strong></span> <span class='ocrx_word' id='word_1_39' title='bbox 724 459 831 499; x_wconf 88' lang='lat' dir='ltr'><strong>quae</strong></span> <span class='ocrx_word' id='word_1_40' title='bbox 866 459 959 487; x_wconf 89' lang='lat' dir='ltr'><strong>cum</strong></span> <span class='ocrx_word' id='word_1_41' title='bbox 990 445 1115 488; x_wconf 89' lang='lat' dir='ltr'><strong>hoste</strong></span> <span class='ocrx_word' id='word_1_42' title='bbox 1144 446 1412 501; x_wconf 84' lang='lat' dir='ltr'><strong>commercia,</strong></span> <span class='ocrx_word' id='word_1_43' title='bbox 1444 446 1557 500; x_wconf 88' lang='lat' dir='ltr'><strong>quod</strong></span> 
     </span>
     <span class='ocr_line' id='line_1_12' title="bbox 298 501 1557 558; baseline 0.002 -16"><span class='ocrx_word' id='word_1_44' title='bbox 298 501 523 543; x_wconf 83' lang='lat' dir='ltr'><strong>discrimen</strong></span> <span class='ocrx_word' id='word_1_45' title='bbox 560 502 693 544; x_wconf 88' lang='lat' dir='ltr'><strong>totius</strong></span> <span class='ocrx_word' id='word_1_46' title='bbox 731 503 792 544; x_wconf 88' lang='lat' dir='ltr'><strong>rei</strong></span> <span class='ocrx_word' id='word_1_47' title='bbox 829 503 1041 557; x_wconf 88' lang='lat' dir='ltr'><strong>publicae,</strong></span> <span class='ocrx_word' id='word_1_48' title='bbox 1086 517 1212 557; x_wconf 88' lang='lat' dir='ltr'><strong>quam</strong></span> <span class='ocrx_word' id='word_1_49' title='bbox 1252 503 1357 546; x_wconf 83' lang='lat' dir='ltr'><strong>haec</strong></span> <span class='ocrx_word' id='word_1_50' title='bbox 1402 504 1557 558; x_wconf 87' lang='lat' dir='ltr'><strong>omnia,</strong></span> 
     </span>
     <span class='ocr_line' id='line_1_13' title="bbox 299 560 1557 615; baseline 0.002 -15"><span class='ocrx_word' id='word_1_51' title='bbox 299 573 405 613; x_wconf 89' lang='lat' dir='ltr'><strong>quae</strong></span> <span class='ocrx_word' id='word_1_52' title='bbox 436 560 482 601; x_wconf 90' lang='lat' dir='ltr'><strong>in</strong></span> <span class='ocrx_word' id='word_1_53' title='bbox 514 563 743 614; x_wconf 87' lang='lat' dir='ltr'><strong>conspectu</strong></span> <span class='ocrx_word' id='word_1_54' title='bbox 775 563 884 614; x_wconf 88' lang='lat' dir='ltr'><strong>sunt,</strong></span> <span class='ocrx_word' id='word_1_55' title='bbox 914 562 960 602; x_wconf 92' lang='lat' dir='ltr'><strong>in</strong></span> <span class='ocrx_word' id='word_1_56' title='bbox 985 561 1138 603; x_wconf 85' lang='lat' dir='ltr'><strong>ultimo</strong></span> <span class='ocrx_word' id='word_1_57' title='bbox 1163 561 1348 615; x_wconf 90' lang='lat' dir='ltr'><strong>periculo</strong></span> <span class='ocrx_word' id='word_1_58' title='bbox 1374 563 1557 603; x_wconf 73' lang='lat' dir='ltr'><strong>essent«</strong></span> 
     </span>
     <span class='ocr_line' id='line_1_14' title="bbox 296 617 1556 674; baseline 0.002 -16"><span class='ocrx_word' id='word_1_59' title='bbox 296 617 435 659; x_wconf 89' lang='lat' dir='ltr'><strong>hicine</strong></span> <span class='ocrx_word' id='word_1_60' title='bbox 480 633 593 669; x_wconf 90' lang='lat' dir='ltr'><strong>eum,</strong></span> <span class='ocrx_word' id='word_1_61' title='bbox 636 619 706 672; x_wconf 89' lang='lat' dir='ltr'><strong>qui</strong></span> <span class='ocrx_word' id='word_1_62' title='bbox 744 633 939 660; x_wconf 88' lang='lat' dir='ltr'><strong>accusare</strong></span> <span class='ocrx_word' id='word_1_63' title='bbox 975 633 1099 673; x_wconf 89' lang='lat' dir='ltr'><strong>posse</strong></span> <span class='ocrx_word' id='word_1_64' title='bbox 1135 618 1374 674; x_wconf 85' lang='lat' dir='ltr'><strong>videbatur,</strong></span> <span class='ocrx_word' id='word_1_65' title='bbox 1415 622 1556 661; x_wconf 86' lang='lat' dir='ltr'><strong>tacere</strong></span> 
     </span>
     <span class='ocr_line' id='line_1_15' title="bbox 299 675 1554 732; baseline 0.001 -15"><span class='ocrx_word' id='word_1_66' title='bbox 299 676 542 730; x_wconf 74' lang='lat' dir='ltr'><strong>oporteret?</strong></span> <span class='ocrx_word' id='word_1_67' title='bbox 590 675 699 717; x_wconf 92' lang='lat' dir='ltr'><strong>Mihi</strong></span> <span class='ocrx_word' id='word_1_68' title='bbox 730 676 853 718; x_wconf 87' lang='lat' dir='ltr'><strong>aliter</strong></span> <span class='ocrx_word' id='word_1_69' title='bbox 883 677 1095 731; x_wconf 82' lang='lat' dir='ltr'><strong>agendum</strong></span> <span class='ocrx_word' id='word_1_70' title='bbox 1125 678 1203 719; x_wconf 88' lang='lat' dir='ltr'><strong>est.</strong></span> <span class='ocrx_word' id='word_1_71' title='bbox 1251 690 1329 732; x_wconf 86' lang='lat' dir='ltr'><strong>ego</strong></span> <span class='ocrx_word' id='word_1_72' title='bbox 1360 677 1554 719; x_wconf 83' lang='lat' dir='ltr'><strong>utilitati-</strong></span> 
     </span>
     <span class='ocr_line' id='line_1_16' title="bbox 297 733 1558 790; baseline 0.002 -16"><span class='ocrx_word' id='word_1_73' title='bbox 297 733 374 774; x_wconf 85' lang='lat' dir='ltr'><strong>bus</strong></span> <span class='ocrx_word' id='word_1_74' title='bbox 418 733 600 788; x_wconf 86' lang='lat' dir='ltr'><strong>publicis</strong></span> <span class='ocrx_word' id='word_1_75' title='bbox 644 737 793 775; x_wconf 87' lang='lat' dir='ltr'><strong>contra</strong></span> <span class='ocrx_word' id='word_1_76' title='bbox 835 735 1101 777; x_wconf 85' lang='lat' dir='ltr'><strong>restitissem.</strong></span> <span class='ocrx_word' id='word_1_77' title='bbox 1184 747 1262 790; x_wconf 88' lang='lat' dir='ltr'><strong>ego</strong></span> <span class='ocrx_word' id='word_1_78' title='bbox 1306 749 1406 777; x_wconf 84' lang='lat' dir='ltr'><strong>vero</strong></span> <span class='ocrx_word' id='word_1_79' title='bbox 1452 735 1558 776; x_wconf 87' lang='lat' dir='ltr'><strong>haec</strong></span> 
     </span>
     <span class='ocr_line' id='line_1_17' title="bbox 297 791 1558 848; baseline 0.002 -16"><span class='ocrx_word' id='word_1_80' title='bbox 297 791 437 833; x_wconf 88' lang='lat' dir='ltr'><strong>omnia</strong></span> <span class='ocrx_word' id='word_1_81' title='bbox 471 792 639 847; x_wconf 90' lang='lat' dir='ltr'><strong>†supra</strong></span> <span class='ocrx_word' id='word_1_82' title='bbox 670 793 775 847; x_wconf 85' lang='lat' dir='ltr'><strong>me†</strong></span> <span class='ocrx_word' id='word_1_83' title='bbox 806 793 1065 848; x_wconf 79' lang='lat' dir='ltr'><strong>maluissem,</strong></span> <span class='ocrx_word' id='word_1_84' title='bbox 1096 807 1223 847; x_wconf 87' lang='lat' dir='ltr'><strong>quam</strong></span> <span class='ocrx_word' id='word_1_85' title='bbox 1253 794 1374 834; x_wconf 86' lang='lat' dir='ltr'><strong>tanta</strong></span> <span class='ocrx_word' id='word_1_86' title='bbox 1404 793 1558 834; x_wconf 83' lang='lat' dir='ltr'><strong>merita</strong></span> 
     </span>
     <span class='ocr_line' id='line_1_18' title="bbox 297 849 1557 905; baseline 0.001 -15"><span class='ocrx_word' id='word_1_87' title='bbox 297 849 511 903; x_wconf 86' lang='lat' dir='ltr'><strong>asperiore</strong></span> <span class='ocrx_word' id='word_1_88' title='bbox 557 849 647 891; x_wconf 87' lang='lat' dir='ltr'><strong>ulla</strong></span> <span class='ocrx_word' id='word_1_89' title='bbox 690 865 792 892; x_wconf 84' lang='lat' dir='ltr'><strong>voce</strong></span> <span class='ocrx_word' id='word_1_90' title='bbox 836 850 1007 892; x_wconf 85' lang='lat' dir='ltr'><strong>violare.</strong></span> <span class='ocrx_word' id='word_1_91' title='bbox 1068 850 1141 893; x_wconf 89' lang='lat' dir='ltr'><strong>sed</strong></span> <span class='ocrx_word' id='word_1_92' title='bbox 1176 850 1421 893; x_wconf 80' lang='lat' dir='ltr'><strong>necessitati</strong></span> <span class='ocrx_word' id='word_1_93' title='bbox 1458 850 1557 905; x_wconf 90' lang='lat' dir='ltr'><strong>quid</strong></span> 
     </span>
     <span class='ocr_line' id='line_1_19' title="bbox 295 906 1557 962; baseline 0.002 -15"><span class='ocrx_word' id='word_1_94' title='bbox 295 906 477 948; x_wconf 80' lang='lat' dir='ltr'><strong>faciam?</strong></span> <span class='ocrx_word' id='word_1_95' title='bbox 509 908 575 948; x_wconf 84' lang='lat' dir='ltr'><strong>lex</strong></span> <span class='ocrx_word' id='word_1_96' title='bbox 608 909 783 962; x_wconf 88' lang='lat' dir='ltr'><strong>optandi</strong></span> <span class='ocrx_word' id='word_1_97' title='bbox 814 911 1043 962; x_wconf 89' lang='lat' dir='ltr'><strong>patronum</strong></span> <span class='ocrx_word' id='word_1_98' title='bbox 1073 908 1140 950; x_wconf 89' lang='lat' dir='ltr'><strong>ius</strong></span> <span class='ocrx_word' id='word_1_99' title='bbox 1172 908 1319 950; x_wconf 88' lang='lat' dir='ltr'><strong>dabat:</strong></span> <span class='ocrx_word' id='word_1_100' title='bbox 1350 922 1418 950; x_wconf 90' lang='lat' dir='ltr'><strong>me</strong></span> <span class='ocrx_word' id='word_1_101' title='bbox 1446 908 1557 950; x_wconf 85' lang='lat' dir='ltr'><strong>dela-</strong></span> 
     </span>
     <span class='ocr_line' id='line_1_20' title="bbox 295 966 1556 1020; baseline 0.002 -15"><span class='ocrx_word' id='word_1_102' title='bbox 295 967 364 1006; x_wconf 90' lang='lat' dir='ltr'><strong>tor</strong></span> <span class='ocrx_word' id='word_1_103' title='bbox 395 967 629 1019; x_wconf 86' lang='lat' dir='ltr'><strong>optaverat.</strong></span> <span class='ocrx_word' id='word_1_104' title='bbox 690 966 804 1020; x_wconf 90' lang='lat' dir='ltr'><strong>doce,</strong></span> <span class='ocrx_word' id='word_1_105' title='bbox 839 967 937 1020; x_wconf 91' lang='lat' dir='ltr'><strong>quid</strong></span> <span class='ocrx_word' id='word_1_106' title='bbox 967 967 1133 1008; x_wconf 87' lang='lat' dir='ltr'><strong>faciam.</strong></span> <span class='ocrx_word' id='word_1_107' title='bbox 1193 966 1356 1008; x_wconf 85' lang='lat' dir='ltr'><strong>delator</strong></span> <span class='ocrx_word' id='word_1_108' title='bbox 1386 967 1452 1008; x_wconf 88' lang='lat' dir='ltr'><strong>ius</strong></span> <span class='ocrx_word' id='word_1_109' title='bbox 1483 966 1556 1007; x_wconf 84' lang='lat' dir='ltr'><strong>ha·</strong></span> 
     </span>
     <span class='ocr_line' id='line_1_21' title="bbox 295 1023 1554 1079; baseline 0.001 -16"><span class='ocrx_word' id='word_1_110' title='bbox 295 1023 377 1064; x_wconf 89' lang='lat' dir='ltr'><strong>bet.</strong></span> <span class='ocrx_word' id='word_1_111' title='bbox 439 1026 587 1065; x_wconf 86' lang='lat' dir='ltr'><strong>contra</strong></span> <span class='ocrx_word' id='word_1_112' title='bbox 624 1038 792 1066; x_wconf 89' lang='lat' dir='ltr'><strong>omnem</strong></span> <span class='ocrx_word' id='word_1_113' title='bbox 830 1038 969 1066; x_wconf 89' lang='lat' dir='ltr'><strong>meam</strong></span> <span class='ocrx_word' id='word_1_114' title='bbox 1007 1024 1347 1078; x_wconf 85' lang='lat' dir='ltr'><strong>deprecationem</strong></span> <span class='ocrx_word' id='word_1_115' title='bbox 1384 1023 1554 1079; x_wconf 90' lang='lat' dir='ltr'><strong>publica</strong></span> 
     </span>
     <span class='ocr_line' id='line_1_22' title="bbox 296 1081 1554 1124; baseline 0.001 -2"><span class='ocrx_word' id='word_1_116' title='bbox 296 1081 544 1123; x_wconf 79' lang='lat' dir='ltr'><strong>auctoritate</strong></span> <span class='ocrx_word' id='word_1_117' title='bbox 580 1081 740 1123; x_wconf 88' lang='lat' dir='ltr'><strong>nititur.</strong></span> <span class='ocrx_word' id='word_1_118' title='bbox 813 1081 1071 1123; x_wconf 87' lang='lat' dir='ltr'><strong>conscientia</strong></span> <span class='ocrx_word' id='word_1_119' title='bbox 1107 1095 1174 1123; x_wconf 89' lang='lat' dir='ltr'><strong>me</strong></span> <span class='ocrx_word' id='word_1_120' title='bbox 1211 1081 1379 1124; x_wconf 86' lang='lat' dir='ltr'><strong>hercule</strong></span> <span class='ocrx_word' id='word_1_121' title='bbox 1415 1081 1554 1123; x_wconf 81' lang='lat' dir='ltr'><strong>facere</strong></span> 
     </span>
     <span class='ocr_line' id='line_1_23' title="bbox 295 1138 1554 1194; baseline 0.002 -15"><span class='ocrx_word' id='word_1_122' title='bbox 295 1138 377 1180; x_wconf 92' lang='lat' dir='ltr'><strong>hoc</strong></span> <span class='ocrx_word' id='word_1_123' title='bbox 408 1139 573 1180; x_wconf 85' lang='lat' dir='ltr'><strong>viderer</strong></span> <span class='ocrx_word' id='word_1_124' title='bbox 605 1153 652 1180; x_wconf 90' lang='lat' dir='ltr'><strong>ac</strong></span> <span class='ocrx_word' id='word_1_125' title='bbox 683 1140 887 1194; x_wconf 88' lang='lat' dir='ltr'><strong>timuisse,</strong></span> <span class='ocrx_word' id='word_1_126' title='bbox 918 1154 970 1180; x_wconf 92' lang='lat' dir='ltr'><strong>ne</strong></span> <span class='ocrx_word' id='word_1_127' title='bbox 1003 1139 1039 1181; x_wconf 92' lang='lat' dir='ltr'><strong>si</strong></span> <span class='ocrx_word' id='word_1_128' title='bbox 1069 1139 1132 1180; x_wconf 93' lang='lat' dir='ltr'><strong>illi</strong></span> <span class='ocrx_word' id='word_1_129' title='bbox 1163 1153 1314 1181; x_wconf 84' lang='lat' dir='ltr'><strong>causae</strong></span> <span class='ocrx_word' id='word_1_130' title='bbox 1345 1154 1428 1181; x_wconf 83' lang='lat' dir='ltr'><strong>vox</strong></span> <span class='ocrx_word' id='word_1_131' title='bbox 1459 1153 1554 1181; x_wconf 89' lang='lat' dir='ltr'><strong>con-</strong></span> 
     </span>
     <span class='ocr_line' id='line_1_24' title="bbox 294 1196 1556 1251; baseline 0.002 -15"><span class='ocrx_word' id='word_1_132' title='bbox 294 1196 483 1250; x_wconf 87' lang='lat' dir='ltr'><strong>tigisset,</strong></span> <span class='ocrx_word' id='word_1_133' title='bbox 526 1197 571 1237; x_wconf 93' lang='lat' dir='ltr'><strong>in</strong></span> <span class='ocrx_word' id='word_1_134' title='bbox 610 1197 795 1238; x_wconf 87' lang='lat' dir='ltr'><strong>medium</strong></span> <span class='ocrx_word' id='word_1_135' title='bbox 842 1197 1002 1238; x_wconf 87' lang='lat' dir='ltr'><strong>scelera</strong></span> <span class='ocrx_word' id='word_1_136' title='bbox 1038 1196 1268 1251; x_wconf 85' lang='lat' dir='ltr'><strong>prodirent.</strong></span> <span class='ocrx_word' id='word_1_137' title='bbox 1339 1209 1418 1251; x_wconf 87' lang='lat' dir='ltr'><strong>ego</strong></span> <span class='ocrx_word' id='word_1_138' title='bbox 1455 1210 1556 1239; x_wconf 85' lang='lat' dir='ltr'><strong>vero</strong></span> 
     </span>
     <span class='ocr_line' id='line_1_25' title="bbox 297 1254 1558 1309; baseline 0.002 -14"><span class='ocrx_word' id='word_1_139' title='bbox 297 1255 461 1308; x_wconf 88' lang='lat' dir='ltr'><strong>suscepi</strong></span> <span class='ocrx_word' id='word_1_140' title='bbox 492 1268 662 1296; x_wconf 84' lang='lat' dir='ltr'><strong>causam</strong></span> <span class='ocrx_word' id='word_1_141' title='bbox 693 1269 772 1297; x_wconf 86' lang='lat' dir='ltr'><strong>nec</strong></span> <span class='ocrx_word' id='word_1_142' title='bbox 802 1254 941 1309; x_wconf 89' lang='lat' dir='ltr'><strong>timui,</strong></span> <span class='ocrx_word' id='word_1_143' title='bbox 971 1268 1023 1296; x_wconf 90' lang='lat' dir='ltr'><strong>ne</strong></span> <span class='ocrx_word' id='word_1_144' title='bbox 1049 1254 1271 1297; x_wconf 86' lang='lat' dir='ltr'><strong>vincerem.</strong></span> <span class='ocrx_word' id='word_1_145' title='bbox 1314 1259 1400 1296; x_wconf 85' lang='lat' dir='ltr'><strong>non</strong></span> <span class='ocrx_word' id='word_1_146' title='bbox 1424 1254 1558 1309; x_wconf 85' lang='lat' dir='ltr'><strong>igitur</strong></span> 
     </span>
     <span class='ocr_line' id='line_1_26' title="bbox 297 1311 1556 1368; baseline 0 -14"><span class='ocrx_word' id='word_1_147' title='bbox 297 1311 465 1354; x_wconf 90' lang='lat' dir='ltr'><strong>obicere</strong></span> <span class='ocrx_word' id='word_1_148' title='bbox 508 1312 635 1354; x_wconf 89' lang='lat' dir='ltr'><strong>debes</strong></span> <span class='ocrx_word' id='word_1_149' title='bbox 677 1313 800 1367; x_wconf 89' lang='lat' dir='ltr'><strong>mihi,</strong></span> <span class='ocrx_word' id='word_1_150' title='bbox 849 1313 893 1354; x_wconf 91' lang='lat' dir='ltr'><strong>in</strong></span> <span class='ocrx_word' id='word_1_151' title='bbox 938 1313 1049 1368; x_wconf 89' lang='lat' dir='ltr'><strong>quod</strong></span> <span class='ocrx_word' id='word_1_152' title='bbox 1093 1314 1263 1354; x_wconf 88' lang='lat' dir='ltr'><strong>coactus</strong></span> <span class='ocrx_word' id='word_1_153' title='bbox 1306 1326 1418 1354; x_wconf 88' lang='lat' dir='ltr'><strong>sum:</strong></span> <span class='ocrx_word' id='word_1_154' title='bbox 1468 1312 1556 1367; x_wconf 87' lang='lat' dir='ltr'><strong>illa,</strong></span> 
     </span>
     <span class='ocr_line' id='line_1_27' title="bbox 295 1370 1556 1425; baseline 0 -13"><span class='ocrx_word' id='word_1_155' title='bbox 295 1384 401 1425; x_wconf 89' lang='lat' dir='ltr'><strong>quae</strong></span> <span class='ocrx_word' id='word_1_156' title='bbox 445 1370 617 1412; x_wconf 87' lang='lat' dir='ltr'><strong>fuerunt</strong></span> <span class='ocrx_word' id='word_1_157' title='bbox 659 1371 703 1412; x_wconf 91' lang='lat' dir='ltr'><strong>in</strong></span> <span class='ocrx_word' id='word_1_158' title='bbox 745 1386 839 1412; x_wconf 86' lang='lat' dir='ltr'><strong>mea</strong></span> <span class='ocrx_word' id='word_1_159' title='bbox 881 1373 1116 1425; x_wconf 86' lang='lat' dir='ltr'><strong>potestate,</strong></span> <span class='ocrx_word' id='word_1_160' title='bbox 1153 1370 1190 1412; x_wconf 88' lang='lat' dir='ltr'><strong>si</strong></span> <span class='ocrx_word' id='word_1_161' title='bbox 1233 1370 1556 1424; x_wconf 89' lang='lat' dir='ltr'><strong>deprehendisti,</strong></span> 
     </span>
     <span class='ocr_line' id='line_1_28' title="bbox 296 1428 1557 1483; baseline 0 -13"><span class='ocrx_word' id='word_1_162' title='bbox 296 1429 489 1483; x_wconf 82' lang='lat' dir='ltr'><strong>ostende3</strong></span> <span class='ocrx_word' id='word_1_163' title='bbox 535 1429 571 1470; x_wconf 92' lang='lat' dir='ltr'><strong>si</strong></span> <span class='ocrx_word' id='word_1_164' title='bbox 615 1429 755 1470; x_wconf 88' lang='lat' dir='ltr'><strong>vultus</strong></span> <span class='ocrx_word' id='word_1_165' title='bbox 799 1429 999 1482; x_wconf 86' lang='lat' dir='ltr'><strong>infestus,</strong></span> <span class='ocrx_word' id='word_1_166' title='bbox 1043 1428 1078 1470; x_wconf 90' lang='lat' dir='ltr'><strong>si</strong></span> <span class='ocrx_word' id='word_1_167' title='bbox 1115 1443 1196 1470; x_wconf 86' lang='lat' dir='ltr'><strong>vox</strong></span> <span class='ocrx_word' id='word_1_168' title='bbox 1238 1428 1474 1483; x_wconf 85' lang='lat' dir='ltr'><strong>incitatior,</strong></span> <span class='ocrx_word' id='word_1_169' title='bbox 1520 1429 1557 1470; x_wconf 91' lang='lat' dir='ltr'><strong>si</strong></span> 
     </span>
     <span class='ocr_line' id='line_1_29' title="bbox 297 1485 1555 1542; baseline 0.001 -15"><span class='ocrx_word' id='word_1_170' title='bbox 297 1486 398 1540; x_wconf 87' lang='lat' dir='ltr'><strong>quid</strong></span> <span class='ocrx_word' id='word_1_171' title='bbox 434 1487 549 1528; x_wconf 87' lang='lat' dir='ltr'><strong>ultra</strong></span> <span class='ocrx_word' id='word_1_172' title='bbox 585 1487 896 1529; x_wconf 86' lang='lat' dir='ltr'><strong>necessitatem.</strong></span> <span class='ocrx_word' id='word_1_173' title='bbox 967 1485 1115 1541; x_wconf 88' lang='lat' dir='ltr'><strong>Neque</strong></span> <span class='ocrx_word' id='word_1_174' title='bbox 1153 1487 1238 1528; x_wconf 88' lang='lat' dir='ltr'><strong>ista</strong></span> <span class='ocrx_word' id='word_1_175' title='bbox 1275 1499 1353 1542; x_wconf 85' lang='lat' dir='ltr'><strong>ego</strong></span> <span class='ocrx_word' id='word_1_176' title='bbox 1391 1486 1555 1541; x_wconf 87' lang='lat' dir='ltr'><strong>inputo.</strong></span> 
     </span>
     <span class='ocr_line' id='line_1_30' title="bbox 294 1544 1556 1600; baseline 0.001 -15"><span class='ocrx_word' id='word_1_177' title='bbox 294 1558 381 1586; x_wconf 91' lang='lat' dir='ltr'><strong>non</strong></span> <span class='ocrx_word' id='word_1_178' title='bbox 420 1545 528 1586; x_wconf 91' lang='lat' dir='ltr'><strong>enim</strong></span> <span class='ocrx_word' id='word_1_179' title='bbox 568 1547 778 1600; x_wconf 81' lang='lat' dir='ltr'><strong>poteram3</strong></span> <span class='ocrx_word' id='word_1_180' title='bbox 822 1558 957 1600; x_wconf 86' lang='lat' dir='ltr'><strong>neque</strong></span> <span class='ocrx_word' id='word_1_181' title='bbox 995 1546 1087 1586; x_wconf 88' lang='lat' dir='ltr'><strong>erat</strong></span> <span class='ocrx_word' id='word_1_182' title='bbox 1125 1544 1324 1586; x_wconf 87' lang='lat' dir='ltr'><strong>adversus</strong></span> <span class='ocrx_word' id='word_1_183' title='bbox 1355 1544 1556 1587; x_wconf 88' lang='lat' dir='ltr'><strong>innocen-</strong></span> 
     </span>
     <span class='ocr_line' id='line_1_31' title="bbox 297 1602 1555 1657; baseline 0.001 -14"><span class='ocrx_word' id='word_1_184' title='bbox 297 1602 402 1643; x_wconf 84' lang='lat' dir='ltr'><strong>tiam</strong></span> <span class='ocrx_word' id='word_1_185' title='bbox 433 1605 551 1644; x_wconf 85' lang='lat' dir='ltr'><strong>tuam</strong></span> <span class='ocrx_word' id='word_1_186' title='bbox 584 1604 755 1657; x_wconf 84' lang='lat' dir='ltr'><strong>ingenio</strong></span> <span class='ocrx_word' id='word_1_187' title='bbox 781 1604 909 1645; x_wconf 90' lang='lat' dir='ltr'><strong>locus.</strong></span> <span class='ocrx_word' id='word_1_188' title='bbox 965 1602 1110 1656; x_wconf 89' lang='lat' dir='ltr'><strong>itaque</strong></span> <span class='ocrx_word' id='word_1_189' title='bbox 1141 1602 1316 1644; x_wconf 89' lang='lat' dir='ltr'><strong>discessi</strong></span> <span class='ocrx_word' id='word_1_190' title='bbox 1346 1617 1371 1644; x_wconf 88' lang='lat' dir='ltr'><strong>a</strong></span> <span class='ocrx_word' id='word_1_191' title='bbox 1401 1602 1555 1644; x_wconf 92' lang='lat' dir='ltr'><strong>iudicio</strong></span> 
     </span>
     <span class='ocr_line' id='line_1_32' title="bbox 295 1660 1556 1715; baseline 0.001 -14"><span class='ocrx_word' id='word_1_192' title='bbox 295 1660 460 1715; x_wconf 85' lang='lat' dir='ltr'><strong>laetior,</strong></span> <span class='ocrx_word' id='word_1_193' title='bbox 492 1675 618 1714; x_wconf 89' lang='lat' dir='ltr'><strong>quam</strong></span> <span class='ocrx_word' id='word_1_194' title='bbox 653 1675 749 1702; x_wconf 88' lang='lat' dir='ltr'><strong>reus</strong></span> <span class='ocrx_word' id='word_1_195' title='bbox 783 1661 892 1715; x_wconf 85' lang='lat' dir='ltr'><strong>ipse,</strong></span> <span class='ocrx_word' id='word_1_196' title='bbox 923 1663 966 1702; x_wconf 88' lang='lat' dir='ltr'><strong>et</strong></span> <span class='ocrx_word' id='word_1_197' title='bbox 999 1660 1117 1702; x_wconf 87' lang='lat' dir='ltr'><strong>velut</strong></span> <span class='ocrx_word' id='word_1_198' title='bbox 1147 1660 1271 1701; x_wconf 90' lang='lat' dir='ltr'><strong>editis</strong></span> <span class='ocrx_word' id='word_1_199' title='bbox 1301 1661 1556 1702; x_wconf 83' lang='lat' dir='ltr'><strong>necessitate</strong></span> 
     </span>
     <span class='ocr_line' id='line_1_33' title="bbox 297 1717 1556 1773; baseline -0.001 -14"><span class='ocrx_word' id='word_1_200' title='bbox 297 1719 436 1772; x_wconf 91' lang='lat' dir='ltr'><strong>operis</strong></span> <span class='ocrx_word' id='word_1_201' title='bbox 480 1718 532 1759; x_wconf 85' lang='lat' dir='ltr'><strong>ad</strong></span> <span class='ocrx_word' id='word_1_202' title='bbox 576 1719 908 1773; x_wconf 86' lang='lat' dir='ltr'><strong>gratulationem</strong></span> <span class='ocrx_word' id='word_1_203' title='bbox 951 1717 1126 1759; x_wconf 86' lang='lat' dir='ltr'><strong>cucurri.</strong></span> <span class='ocrx_word' id='word_1_204' title='bbox 1194 1731 1271 1759; x_wconf 89' lang='lat' dir='ltr'><strong>nec</strong></span> <span class='ocrx_word' id='word_1_205' title='bbox 1316 1732 1383 1760; x_wconf 92' lang='lat' dir='ltr'><strong>me</strong></span> <span class='ocrx_word' id='word_1_206' title='bbox 1430 1718 1468 1759; x_wconf 88' lang='lat' dir='ltr'><strong>ei</strong></span> <span class='ocrx_word' id='word_1_207' title='bbox 1511 1718 1556 1759; x_wconf 93' lang='lat' dir='ltr'><strong>in</strong></span> 
     </span>
     <span class='ocr_line' id='line_1_34' title="bbox 294 1775 1556 1830; baseline 0.001 -14"><span class='ocrx_word' id='word_1_208' title='bbox 294 1775 503 1830; x_wconf 88' lang='lat' dir='ltr'><strong>reliquum</strong></span> <span class='ocrx_word' id='word_1_209' title='bbox 560 1776 697 1818; x_wconf 88' lang='lat' dir='ltr'><strong>eximo</strong></span> <span class='ocrx_word' id='word_1_210' title='bbox 751 1779 929 1830; x_wconf 91' lang='lat' dir='ltr'><strong>tempus.</strong></span> <span class='ocrx_word' id='word_1_211' title='bbox 1020 1775 1170 1817; x_wconf 88' lang='lat' dir='ltr'><strong>debere</strong></span> <span class='ocrx_word' id='word_1_212' title='bbox 1219 1775 1440 1816; x_wconf 88' lang='lat' dir='ltr'><strong>confiteor:</strong></span> <span class='ocrx_word' id='word_1_213' title='bbox 1490 1775 1556 1830; x_wconf 81' lang='lat' dir='ltr'><strong>da,</strong></span> 
     </span>
     <span class='ocr_line' id='line_1_35' title="bbox 297 1833 1555 1888; baseline -0.001 -13"><span class='ocrx_word' id='word_1_214' title='bbox 297 1847 420 1887; x_wconf 91' lang='lat' dir='ltr'><strong>quem</strong></span> <span class='ocrx_word' id='word_1_215' title='bbox 452 1834 690 1887; x_wconf 85' lang='lat' dir='ltr'><strong>defendam3</strong></span> <span class='ocrx_word' id='word_1_216' title='bbox 738 1834 808 1888; x_wconf 89' lang='lat' dir='ltr'><strong>da,</strong></span> <span class='ocrx_word' id='word_1_217' title='bbox 838 1848 916 1887; x_wconf 89' lang='lat' dir='ltr'><strong>pro</strong></span> <span class='ocrx_word' id='word_1_218' title='bbox 948 1847 1028 1888; x_wconf 94' lang='lat' dir='ltr'><strong>quo</strong></span> <span class='ocrx_word' id='word_1_219' title='bbox 1061 1833 1221 1887; x_wconf 88' lang='lat' dir='ltr'><strong>loquar.</strong></span> <span class='ocrx_word' id='word_1_220' title='bbox 1282 1833 1316 1874; x_wconf 89' lang='lat' dir='ltr'><strong>si</strong></span> <span class='ocrx_word' id='word_1_221' title='bbox 1352 1833 1452 1887; x_wconf 91' lang='lat' dir='ltr'><strong>quid</strong></span> <span class='ocrx_word' id='word_1_222' title='bbox 1484 1833 1555 1875; x_wconf 86' lang='lat' dir='ltr'><strong>ad-</strong></span> 
     </span>
     <span class='ocr_line' id='line_1_36' title="bbox 295 1891 1554 1946; baseline 0 -13"><span class='ocrx_word' id='word_1_223' title='bbox 295 1905 442 1934; x_wconf 83' lang='lat' dir='ltr'><strong>versus</strong></span> <span class='ocrx_word' id='word_1_224' title='bbox 461 1892 582 1934; x_wconf 89' lang='lat' dir='ltr'><strong>illum</strong></span> <span class='ocrx_word' id='word_1_225' title='bbox 607 1892 959 1934; x_wconf 87' lang='lat' dir='ltr'><strong>nocentissimum</strong></span> <span class='ocrx_word' id='word_1_226' title='bbox 985 1891 1217 1934; x_wconf 88' lang='lat' dir='ltr'><strong>delatorem</strong></span> <span class='ocrx_word' id='word_1_227' title='bbox 1242 1891 1432 1933; x_wconf 84' lang='lat' dir='ltr'><strong>invenire</strong></span> <span class='ocrx_word' id='word_1_228' title='bbox 1457 1905 1554 1946; x_wconf 90' lang='lat' dir='ltr'><strong>pos-</strong></span> 
     </span>
    </p>
   </div>
   <div class='ocr_carea' id='block_1_8' title="bbox 294 2015 1555 2295">
    <p class='ocr_par' dir='ltr' id='par_1_8' title="bbox 294 2015 1555 2295">
     <span class='ocr_line' id='line_1_37' title="bbox 391 2015 1555 2062; baseline -0.001 -9"><span class='ocrx_word' id='word_1_229' title='bbox 391 2021 407 2052; x_wconf 90' lang='lat'>1</span> <span class='ocrx_word' id='word_1_230' title='bbox 435 2029 577 2053; x_wconf 82' lang='lat' dir='ltr'><strong>summa</strong></span> <span class='ocrx_word' id='word_1_231' title='bbox 600 2021 701 2051; x_wconf 85' lang='lat' dir='ltr'><strong>B-P</strong></span> <span class='ocrx_word' id='word_1_232' title='bbox 719 2018 731 2062; x_wconf 82' lang='grc' dir='ltr'><strong>ΙΙ</strong></span> <span class='ocrx_word' id='word_1_233' title='bbox 758 2021 778 2052; x_wconf 83' lang='grc'><strong>2</strong></span> <span class='ocrx_word' id='word_1_234' title='bbox 806 2018 1064 2052; x_wconf 83' lang='lat' dir='ltr'><strong>excuteret</strong></span> <span class='ocrx_word' id='word_1_235' title='bbox 1088 2017 1186 2061; x_wconf 78' lang='lat' dir='ltr'>A115</span> <span class='ocrx_word' id='word_1_236' title='bbox 1213 2015 1444 2052; x_wconf 85' lang='lat' dir='ltr'><strong>ostenderem</strong></span> <span class='ocrx_word' id='word_1_237' title='bbox 1467 2015 1525 2052; x_wconf 83' lang='lat' dir='ltr'><strong>Ro</strong></span> <span class='ocrx_word' id='word_1_238' title='bbox 1543 2016 1555 2061; x_wconf 66' lang='grc' dir='ltr'>Η</span> 
     </span>
     <span class='ocr_line' id='line_1_38' title="bbox 296 2062 1553 2108; baseline -0.002 -9"><span class='ocrx_word' id='word_1_239' title='bbox 296 2068 316 2099; x_wconf 86' lang='grc'><strong>6</strong></span> <span class='ocrx_word' id='word_1_240' title='bbox 341 2063 455 2099; x_wconf 81' lang='lat' dir='ltr'><strong>totius</strong></span> <span class='ocrx_word' id='word_1_241' title='bbox 481 2075 547 2100; x_wconf 85' lang='lat' dir='ltr'><strong>om.</strong></span> <span class='ocrx_word' id='word_1_242' title='bbox 574 2068 599 2098; x_wconf 79' lang='lat'><strong>1³</strong></span> <span class='ocrx_word' id='word_1_243' title='bbox 623 2065 636 2108; x_wconf 87' lang='grc' dir='ltr'><strong>ΙΙ</strong></span> <span class='ocrx_word' id='word_1_244' title='bbox 660 2068 680 2099; x_wconf 87' lang='lat'>8</span> <span class='ocrx_word' id='word_1_245' title='bbox 706 2064 766 2098; x_wconf 88' lang='lat' dir='ltr'><strong>hic</strong></span> <span class='ocrx_word' id='word_1_246' title='bbox 791 2074 848 2098; x_wconf 91' lang='lat' dir='ltr'><strong>me</strong></span> <span class='ocrx_word' id='word_1_247' title='bbox 875 2074 958 2099; x_wconf 90' lang='lat' dir='ltr'><strong>eum</strong></span> <span class='ocrx_word' id='word_1_248' title='bbox 982 2066 1008 2096; x_wconf 88' lang='lat' dir='ltr'>B</span> <span class='ocrx_word' id='word_1_249' title='bbox 1027 2065 1039 2107; x_wconf 78' lang='lat' dir='ltr'><strong>fl</strong></span> <span class='ocrx_word' id='word_1_250' title='bbox 1059 2062 1223 2098; x_wconf 83' lang='lat' dir='ltr'><strong>accusari</strong></span> <span class='ocrx_word' id='word_1_251' title='bbox 1247 2065 1313 2096; x_wconf 79' lang='lat' dir='ltr'><strong>AB</strong></span> <span class='ocrx_word' id='word_1_252' title='bbox 1331 2062 1344 2107; x_wconf 83' lang='grc' dir='ltr'><strong>[Ι</strong></span> <span class='ocrx_word' id='word_1_253' title='bbox 1364 2066 1407 2097; x_wconf 89' lang='grc'><strong>10</strong></span> <span class='ocrx_word' id='word_1_254' title='bbox 1433 2062 1553 2097; x_wconf 86' lang='lat' dir='ltr'><strong>stetis-</strong></span> 
     </span>
     <span class='ocr_line' id='line_1_39' title="bbox 295 2108 1553 2156; baseline -0.001 -12"><span class='ocrx_word' id='word_1_255' title='bbox 295 2120 372 2144; x_wconf 87' lang='lat' dir='ltr'><strong>sem</strong></span> <span class='ocrx_word' id='word_1_256' title='bbox 397 2111 474 2146; x_wconf 81' lang='lat' dir='ltr'><strong>edd.</strong></span> <span class='ocrx_word' id='word_1_257' title='bbox 494 2112 506 2155; x_wconf 90' lang='grc' dir='ltr'><strong>ΙΙ</strong></span> <span class='ocrx_word' id='word_1_258' title='bbox 524 2122 608 2146; x_wconf 86' lang='lat' dir='ltr'><strong>vere</strong></span> <span class='ocrx_word' id='word_1_259' title='bbox 632 2114 658 2144; x_wconf 86' lang='lat' dir='ltr'>B</span> <span class='ocrx_word' id='word_1_260' title='bbox 678 2111 690 2156; x_wconf 83' lang='grc' dir='ltr'><strong>ΙΙ</strong></span> <span class='ocrx_word' id='word_1_261' title='bbox 716 2114 757 2144; x_wconf 91' lang='grc'><strong>11</strong></span> <span class='ocrx_word' id='word_1_262' title='bbox 786 2121 954 2154; x_wconf 84' lang='lat' dir='ltr'><strong>suprema</strong></span> <span class='ocrx_word' id='word_1_263' title='bbox 982 2109 1064 2152; x_wconf 82' lang='lat' dir='ltr'><strong>Obr,</strong></span> <span class='ocrx_word' id='word_1_264' title='bbox 1090 2108 1268 2154; x_wconf 84' lang='lat' dir='ltr'><strong>supprimi</strong></span> <span class='ocrx_word' id='word_1_265' title='bbox 1293 2108 1359 2152; x_wconf 79' lang='lat' dir='ltr'><strong>Gr,</strong></span> <span class='ocrx_word' id='word_1_266' title='bbox 1384 2119 1553 2153; x_wconf 87' lang='lat' dir='ltr'><strong>spernere</strong></span> 
     </span>
     <span class='ocr_line' id='line_1_40' title="bbox 294 2153 1555 2201; baseline -0.002 -10"><span class='ocrx_word' id='word_1_267' title='bbox 294 2156 352 2192; x_wconf 84' lang='lat' dir='ltr'><strong>Ro</strong></span> <span class='ocrx_word' id='word_1_268' title='bbox 371 2158 382 2201; x_wconf 87' lang='grc' dir='ltr'><strong>ΙΙ</strong></span> <span class='ocrx_word' id='word_1_269' title='bbox 403 2161 445 2191; x_wconf 85' lang='grc'><strong>16</strong></span> <span class='ocrx_word' id='word_1_270' title='bbox 472 2157 671 2192; x_wconf 85' lang='lat' dir='ltr'><strong>auctoritas</strong></span> <span class='ocrx_word' id='word_1_271' title='bbox 697 2159 775 2199; x_wconf 81' lang='lat' dir='ltr'><strong>AB,</strong></span> <span class='ocrx_word' id='word_1_272' title='bbox 802 2167 891 2191; x_wconf 80' lang='lat' dir='ltr'><strong>corr.</strong></span> <span class='ocrx_word' id='word_1_273' title='bbox 918 2157 992 2191; x_wconf 82' lang='lat' dir='ltr'><strong>Aer</strong></span> <span class='ocrx_word' id='word_1_274' title='bbox 1010 2156 1022 2200; x_wconf 87' lang='grc' dir='ltr'><strong>ΙΙ</strong></span> <span class='ocrx_word' id='word_1_275' title='bbox 1049 2159 1090 2190; x_wconf 85' lang='grc'><strong>17</strong></span> <span class='ocrx_word' id='word_1_276' title='bbox 1115 2155 1262 2190; x_wconf 83' lang='lat' dir='ltr'><strong>videtur</strong></span> <span class='ocrx_word' id='word_1_277' title='bbox 1285 2157 1328 2198; x_wconf 83' lang='lat' dir='ltr'><strong>B,</strong></span> <span class='ocrx_word' id='word_1_278' title='bbox 1360 2153 1555 2190; x_wconf 83' lang='lat' dir='ltr'><strong>videbatur</strong></span> 
     </span>
     <span class='ocr_line' id='line_1_41' title="bbox 294 2200 1552 2248; baseline -0.001 -11"><span class='ocrx_word' id='word_1_279' title='bbox 294 2202 352 2238; x_wconf 81' lang='lat' dir='ltr'><strong>Ro</strong></span> <span class='ocrx_word' id='word_1_280' title='bbox 377 2204 388 2247; x_wconf 94' lang='grc' dir='ltr'><strong>ΙΙ</strong></span> <span class='ocrx_word' id='word_1_281' title='bbox 417 2207 456 2238; x_wconf 87' lang='grc'><strong>19</strong></span> <span class='ocrx_word' id='word_1_282' title='bbox 486 2205 647 2239; x_wconf 86' lang='lat' dir='ltr'><strong>vincerer</strong></span> <span class='ocrx_word' id='word_1_283' title='bbox 672 2206 752 2245; x_wconf 71' lang='lat' dir='ltr'><strong>AB,</strong></span> <span class='ocrx_word' id='word_1_284' title='bbox 785 2213 874 2238; x_wconf 80' lang='lat' dir='ltr'><strong>corr.</strong></span> <span class='ocrx_word' id='word_1_285' title='bbox 904 2202 958 2237; x_wconf 79' lang='lat' dir='ltr'><strong>Gr</strong></span> <span class='ocrx_word' id='word_1_286' title='bbox 982 2203 994 2248; x_wconf 78' lang='grc' dir='ltr'>Η</span> <span class='ocrx_word' id='word_1_287' title='bbox 1019 2206 1063 2237; x_wconf 82' lang='lat'><strong>20</strong></span> <span class='ocrx_word' id='word_1_288' title='bbox 1089 2201 1180 2236; x_wconf 89' lang='lat' dir='ltr'><strong>mihi</strong></span> <span class='ocrx_word' id='word_1_289' title='bbox 1204 2201 1242 2236; x_wconf 91' lang='lat' dir='ltr'><strong>id</strong></span> <span class='ocrx_word' id='word_1_290' title='bbox 1266 2200 1365 2245; x_wconf 90' lang='lat' dir='ltr'><strong>quod</strong></span> <span class='ocrx_word' id='word_1_291' title='bbox 1389 2200 1446 2236; x_wconf 81' lang='lat' dir='ltr'><strong>Ro</strong></span> <span class='ocrx_word' id='word_1_292' title='bbox 1472 2202 1483 2246; x_wconf 83' lang='grc' dir='ltr'><strong>ΙΙ</strong></span> <span class='ocrx_word' id='word_1_293' title='bbox 1509 2205 1552 2236; x_wconf 77' lang='lat'><strong>21</strong></span> 
     </span>
     <span class='ocr_line' id='line_1_42' title="bbox 295 2249 1105 2295; baseline -0.001 -13"><span class='ocrx_word' id='word_1_294' title='bbox 295 2249 332 2283; x_wconf 91' lang='lat' dir='ltr'><strong>in</strong></span> <span class='ocrx_word' id='word_1_295' title='bbox 357 2249 478 2284; x_wconf 87' lang='lat' dir='ltr'><strong>media</strong></span> <span class='ocrx_word' id='word_1_296' title='bbox 502 2251 686 2295; x_wconf 86' lang='lat' dir='ltr'><strong>potestate</strong></span> <span class='ocrx_word' id='word_1_297' title='bbox 710 2252 735 2282; x_wconf 84' lang='grc' dir='ltr'><strong><em>Β</em></strong></span> <span class='ocrx_word' id='word_1_298' title='bbox 756 2250 766 2293; x_wconf 78' lang='grc' dir='ltr'><strong>[Ι</strong></span> <span class='ocrx_word' id='word_1_299' title='bbox 787 2253 830 2283; x_wconf 84' lang='lat'><strong>29</strong></span> <span class='ocrx_word' id='word_1_300' title='bbox 856 2249 1055 2293; x_wconf 85' lang='lat' dir='ltr'><strong>proloquar</strong></span> <span class='ocrx_word' id='word_1_301' title='bbox 1079 2251 1105 2281; x_wconf 87' lang='lat' dir='ltr'>B</span> 
     </span>
    </p>
   </div>
  </div>
 </body>
</html>
