1604 2488
220 778 263 810 10

219 1068 261 1098 15

214 1356 259 1388 20

213 1646 258 1678 25

214 1937 259 1968 30

291 139 374 181 298
769 139 1071 183 QUINTILIANI

291 249 408 288 certa
446 245 589 299 aliqua
624 246 821 300 probatio
861 246 912 288 ad
949 247 1029 288 hoc
1065 247 1242 290 duxerit.
1306 249 1351 290 in
1386 250 1546 291 utrum-

292 305 409 358 [que]
443 317 509 344 me
540 303 651 346 ratio
683 303 826 346 ducit?
858 304 1017 359 aliquid
1047 305 1214 347 audisse
1243 307 1286 348 te
1312 306 1454 349 credo:
1485 322 1547 349 re-

288 361 492 416 pudiasti3
543 361 651 403 nihil
693 365 855 404 certum
898 362 1253 418 manifestumque
1295 365 1547 420 cognovisse

289 421 332 460 te
376 419 518 460 credo:
561 421 729 461 tantum
767 420 1013 474 repudiasti.
1074 421 1373 477 qualecumque
1403 425 1548 464 tamen

288 477 404 519 istud
448 479 529 531 est,
571 492 657 520 non
699 478 952 520 mediocrem
993 478 1124 521 habet
1166 493 1332 522 morum
1375 494 1546 522 suorum

289 535 576 577 defensionem
614 536 682 577 vel
718 536 855 590 ipsam
896 538 1141 591 egestatem.
1191 537 1276 582 ‚illa
1305 538 1547 592 prostituta,

290 608 396 648 quae
428 607 472 635 se
505 594 693 635 omnium
725 594 940 636 amoribus
966 595 1174 649 permisit,
1203 595 1316 638 fame
1340 595 1427 638 iam
1452 610 1546 650 per-

287 651 412 705 isset,
455 651 541 693 nisi
578 651 715 693 filium
757 651 989 695 habuisset.
1060 666 1196 708 neque
1237 653 1408 708 ignoro,
1451 668 1546 696 mea

287 710 356 751 vel
403 709 607 751 tarditate
655 710 722 751 vel
764 710 1016 752 verecundia
1057 710 1239 764 factum,
1287 711 1398 766 quod
1439 711 1546 753 mihi

288 781 413 810 causa
445 767 595 809 matris
627 782 745 809 meae
775 768 844 809 hic
876 769 1039 823 agenda
1070 770 1147 823 est,
1180 768 1291 823 quod
1320 771 1411 811 tam
1441 783 1547 823 sero,

288 825 401 880 quod
430 839 541 866 nunc
573 826 759 879 demum,
796 828 1024 880 postquam
1053 827 1162 881 ipse,
1198 826 1298 868 dum
1334 826 1547 880 misereor,

288 883 455 926 offendi.
498 883 662 925 utinam
694 884 858 925 adicere
889 885 1000 938 apud
1025 886 1068 926 te
1093 884 1298 926 voluisset
1322 885 1411 940 illa,
1441 898 1547 950 quae

286 941 393 982 mihi
424 941 576 983 cotidie
608 942 685 983 ait·
717 942 808 983 »ita
840 955 920 996 ego
947 942 1139 984 adultera
1163 942 1244 984 hoc
1268 945 1472 997 tempore,
1502 942 1547 984 in

285 998 366 1040 hac
396 999 668 1052 potissimum
700 1002 857 1053 aetate,
893 1002 992 1053 post
1022 1001 1174 1053 filium,
1212 1002 1254 1042 et
1283 1003 1382 1054 post
1411 1000 1546 1042 filium

286 1057 538 1098 iuvenem«?
587 1057 783 1098 adfirmat
823 1057 917 1098 ideo
963 1072 1006 1099 se
1050 1058 1165 1099 cibos
1203 1058 1409 1112 accipere,
1451 1057 1544 1100 ideo

285 1114 536 1169 protrahere
575 1115 726 1168 vitam,
763 1117 811 1156 ut
841 1115 921 1156 tibi
953 1115 1002 1156 de
1033 1114 1237 1169 pudicitia
1268 1129 1344 1157 sua
1373 1116 1546 1170 liqueat.

286 1174 386 1214 sunt
421 1173 523 1226 ista,
567 1187 674 1226 quae
711 1186 880 1214 movere
918 1175 959 1213 te
997 1186 1163 1227 quoque
1194 1175 1405 1226 poterant.
1466 1185 1545 1228 ego

284 1232 431 1272 tamen
462 1230 507 1271 in
537 1229 790 1284 praesentia,
822 1230 979 1272 omissa
1011 1230 1128 1272 omni
1153 1229 1409 1285 defensione,
1439 1230 1546 1272 illud

284 1288 539 1342 respondere
595 1290 818 1329 contentus
873 1302 984 1342 sum,
1046 1289 1392 1343 qualemcumque
1446 1288 1545 1330 alui.

286 1346 538 1401 quantulum
581 1348 645 1387 est
689 1347 819 1398 enim,
867 1346 979 1399 quod
1021 1346 1307 1400 praestiterim
1350 1359 1428 1401 ego
1470 1346 1546 1400 illi,

285 1404 414 1446 etiam
439 1404 673 1446 invidiosae
698 1404 870 1458 pietatis
896 1404 1035 1446 filius?
1066 1418 1152 1446 non
1176 1404 1272 1458 plus
1295 1404 1340 1446 in
1363 1405 1545 1446 matrem

286 1462 460 1517 contuli,
492 1477 618 1516 quam
649 1462 760 1516 quod
791 1462 996 1516 patereris
1028 1462 1174 1503 datum
1206 1476 1297 1504 esse
1321 1462 1544 1504 meretrici.

285 1519 367 1562 Sed
398 1520 507 1562 clam
539 1523 582 1562 et
611 1521 836 1574 ignorante
867 1522 922 1561 te.
966 1520 1076 1561 unde
1108 1519 1216 1561 mihi
1238 1522 1404 1561 tantam
1423 1519 1543 1574 (in)-

282 1578 553 1632 felicitatem,
589 1581 638 1620 ut
673 1578 754 1620 1100
791 1578 951 1620 crimen
981 1578 1067 1619 sit?
1108 1578 1208 1620 volo
1238 1577 1385 1632 itaque
1414 1578 1544 1620 inter-

283 1649 436 1691 rogare
460 1636 755 1690 praesentibus
780 1636 859 1690 his,
891 1650 995 1690 quos
1020 1636 1226 1678 habemus
1250 1635 1419 1690 iudices,
1444 1635 1543 1690 quid

283 1693 376 1735 fieri
418 1694 667 1748 oportuerit.
727 1707 879 1749 rogare
915 1696 957 1734 te
988 1694 1142 1735 debui?
1185 1695 1382 1735 exoratus
1411 1693 1543 1748 igitur

283 1751 449 1804 fuisses,
481 1752 517 1793 si
547 1751 794 1806 petiissem?
845 1752 924 1793 hoc
955 1751 1173 1805 responde,
1202 1751 1284 1792 hoc
1315 1751 1467 1792 adnue:
1500 1752 1542 1792 et

283 1810 445 1851 crimen
476 1810 720 1851 confitebor.
771 1809 948 1850 aluisses
981 1822 1095 1864 ergo,
1126 1809 1163 1850 si
1194 1807 1374 1850 scisses?
1405 1807 1541 1850 credo.

283 1868 536 1923 quantulum
568 1867 680 1909 enim
708 1869 800 1909 erat
824 1867 1079 1909 cotidianam
1105 1866 1262 1920 stipem
1287 1868 1330 1908 et
1351 1866 1432 1908 1100
1457 1866 1542 1907 exi-

285 1938 432 1980 guum,
470 1940 553 1979 quo
592 1926 734 1967 anima
763 1926 808 1967 in
837 1927 1055 1980 posterum
1086 1924 1197 1966 diem
1227 1926 1541 1979 prorogaretur,

379 2055 396 2085 1
422 2051 679 2097 *utrum[que]
711 2052 723 2096 ΙΙ
754 2055 774 2085 8
811 2050 1021 2095 ignorantia
1056 2060 1138 2084 mea
1169 2052 1195 2082 B
1225 2049 1237 2094 ΙΙ
1270 2053 1312 2083 12
1349 2048 1387 2084 id
1419 2047 1539 2083 dicere

282 2097 351 2133 Sch
370 2098 382 2142 ΙΙ
400 2098 437 2132 te
462 2108 528 2132 om.
553 2100 582 2131 A
600 2098 612 2142 ΙΙ
633 2101 676 2132 15
700 2097 888 2132 adulterae
913 2099 939 2130 B
957 2098 970 2141 ΙΙ
991 2100 1032 2131 17
1057 2095 1219 2141 poterint
1242 2097 1340 2139 Ant,
1364 2096 1540 2139 poterunt

282 2146 354 2187 Ab,
386 2154 476 2180 corr.
503 2143 560 2179 Ro
578 2145 590 2188 ΙΙ
618 2147 659 2179 18
685 2143 846 2179 omnium
871 2146 940 2176 Β-
946 2146 972 2176 P
994 2144 1007 2188 ΙΙ
1031 2146 1075 2177 23
1101 2142 1186 2177 dam
1209 2143 1273 2184 Aa,
1298 2151 1358 2176 am
1382 2143 1434 2174 Ab
1459 2141 1470 2185 ΙΙ
1494 2144 1538 2175 23

282 2193 375 2224 -24
399 2189 710 2243 <in>felicitatem
733 2190 803 2232 Ro,
828 2190 890 2232 css.
916 2191 1003 2232 299,
1016 2191 1068 2225 27
1094 2190 1106 2234 Η
1133 2191 1178 2223 24
1202 2188 1240 2223 et
1263 2189 1288 2221 Β
1319 2188 1331 2231 ΙΙ
1361 2190 1406 2222 26
1431 2197 1538 2232 opor-

280 2237 355 2271 tuit
378 2239 404 2270 Β
423 2238 436 2281 ss
454 2241 498 2271 27
517 2237 692 2290 petissem
709 2239 748 2280 B,
767 2236 966 2280 potuissem
985 2239 1011 2268 P
1028 2236 1040 2279 ΙΙ
1059 2237 1195 2270 27-29
1221 2233 1314 2269 adue
1339 2235 1377 2269 et
1401 2233 1539 2268 crimen

282 2286 349 2327 Aa,
375 2283 423 2317 ad
447 2284 536 2318 nece
563 2283 701 2318 crimen
725 2286 751 2316 Β
770 2283 781 2327 Η
801 2286 845 2317 30
870 2282 1192 2327 prorogaretur
1217 2283 1246 2313 A
