1604 2488
489 89 912 128 DECLAMATIONES.
940 89 1107 127 CCXCV.
1358 88 1441 131 167

543 222 1053 280 <DECLAMATIO>.

255 307 348 352 Vos
399 307 556 351 suadeo
607 307 815 362 caveatis,
864 309 908 349 et
956 305 1114 349 suadeo
1164 306 1444 362 permittatis,

153 368 260 412 dum
302 367 419 411 volo:
465 367 722 409 merueratis
767 366 883 408 enim
925 380 980 409 ne
1024 366 1190 413 vellem.
1258 369 1444 421 caputne

157 430 312 470 meum'
331 429 424 470 tam
456 426 541 469 cito
575 425 799 468 donastis?
849 427 940 468 tam
970 424 1098 468 facile
1129 425 1336 468 innocens
1376 439 1445 468 oc-

153 487 273 531 cisus
314 489 380 530 est
417 486 462 529 in
501 501 551 528 ea
581 485 775 540 civitate,
813 484 860 527 in
896 499 982 541 qua
1013 485 1099 527 sibi
1129 487 1257 540 putat
1288 485 1445 541 aliquis
1473 495 1493 526 5

158 548 251 593 tam
293 546 422 589 facile
466 559 594 601 posse
637 545 909 600 contingere,
950 559 1004 587 ne
1042 559 1141 587 reus
1174 544 1280 586 fiat?
1343 544 1446 600 quid

155 608 226 648 est
263 605 405 662 ergo?
455 603 647 648 nondum
686 618 835 651 omnes
874 604 1070 647 exuimus
1111 603 1326 647 adfectus:
1382 604 1446 646 fa-

158 665 272 708 ciam
308 665 434 707 vobis
471 664 583 706 hanc
619 664 849 719 invidiam,
892 666 942 706 ut
980 663 1126 706 sciatis
1165 678 1191 706 a
1222 663 1347 706 vobis
1381 677 1447 706 oc-

156 724 243 767 cidi
275 723 439 766 bonum
470 723 619 767 civem.
674 737 814 779 neque
846 723 963 765 enim
999 723 1228 779 quisquam
1262 725 1447 778 expetet,

159 787 209 826 ut
239 783 322 826 hoc
350 782 508 826 iudicio
535 782 687 838 dicam,
718 782 933 838 quomodo
960 782 1211 838 prodiderit,
1242 796 1327 838 quo
1354 796 1446 837 pre·
1476 792 1519 824 10

159 842 237 898 tio,
268 857 354 898 quo
384 845 592 897 tempore,
625 856 710 898 quo
741 843 850 885 loco.
905 840 952 884 Si
983 842 1114 884 vultis
1146 842 1253 884 haec
1286 841 1448 897 audire,

158 901 263 944 date
288 901 420 956 diem3
447 901 484 944 si
509 916 562 944 ne
582 901 662 944 hoc
683 901 854 957 quidem
874 901 1074 956 impetro,
1099 915 1187 944 non
1213 900 1447 943 meruistis.

157 963 205 1004 et
241 960 323 1004 hoc
361 975 431 1003 me
468 975 566 1003 mea
602 975 732 1003 causa
768 975 857 1002 non
887 960 1046 1016 facere,
1089 961 1158 1003 cui
1188 975 1278 1003 non
1308 960 1450 1016 possit

161 1034 255 1063 esse
294 1019 602 1062 manifestum?
656 1019 913 1075 expediebat
949 1019 1110 1075 alioqui
1147 1019 1256 1062 mihi
1295 1020 1449 1074 vivere,

157 1079 418 1135 expediebat
468 1093 676 1134 suspenso
731 1093 780 1122 ac
825 1078 1014 1122 sollicito
1057 1079 1299 1135 transigere
1342 1079 1450 1121 haec
1479 1089 1521 1120 15

160 1138 388 1195 tempora?
431 1138 589 1181 fortius
622 1140 706 1193 est,
747 1138 860 1194 quod
894 1138 1045 1181 differo
1078 1141 1280 1194 mortem,
1319 1153 1450 1194 quam

160 1197 277 1253 quod
303 1197 414 1241 mori
444 1212 531 1240 non
562 1212 727 1240 recuso.

703 1326 918 1371 CCXCV.

439 1408 642 1452 Demens
674 1420 736 1452 ex
767 1409 974 1453 vinculis
1007 1407 1171 1453 fortis.

164 1493 423 1536 Dementiae
455 1493 683 1535 damnatus
717 1508 743 1535 a
773 1493 864 1536 filio
891 1496 933 1536 et
959 1493 1167 1550 alligatus
1193 1494 1333 1549 ruptis
1362 1494 1452 1537 vin-
1479 1503 1524 1535 20

286 1552 395 1595 culis
426 1552 599 1595 fortiter
630 1552 746 1595 fecit.
776 1553 969 1607 praemio
995 1553 1183 1607 peti<i>t
1212 1554 1452 1597 restitutio-

285 1626 396 1654 nem.
439 1626 569 1668 quam
602 1626 698 1654 cum
730 1611 821 1654 filio
854 1612 1176 1654 contradicente
1202 1613 1453 1669 accepisset,

286 1671 460 1718 abdicat
491 1671 642 1713 filium.

691 1788 924 1833 SERMO.

255 1871 392 1915 Filius
420 1872 603 1927 optabit,
628 1874 676 1915 ut
701 1875 827 1928 pater
853 1887 983 1915 sanus
1011 1874 1085 1929 sit3
1111 1873 1226 1916 dicet
1251 1874 1295 1916 id
1319 1888 1454 1930 genus
1482 1884 1528 1916 25

164 1931 326 1975 furoris
356 1931 505 1987 fuisse,
535 1934 585 1974 ut
616 1931 983 1974 intermissionem
1014 1932 1210 1976 haberet.

266 2051 284 2083 1
311 2047 603 2096 (Declamatio)
627 2047 685 2084 Ro
717 2049 728 2094 ΙΙ
760 2052 780 2084 5
807 2048 926 2094 aliqui
952 2052 1018 2083 AB
1050 2051 1062 2094 ss
1091 2053 1111 2085 9
1138 2051 1309 2095 expectet
1334 2053 1360 2084 B
1380 2052 1391 2096 Η
1414 2054 1455 2086 13

165 2095 291 2132 fecere
317 2099 348 2130 Δ
366 2097 378 2142 ΙΙ
402 2096 530 2141 posset
554 2098 609 2130 Aa
644 2097 656 2141 ΙΙ
678 2100 720 2132 17
747 2098 906 2132 mortem
931 2099 958 2131 B
978 2098 989 2142 Η
1009 2101 1052 2132 21
1080 2096 1274 2145 *peti<i>t
1292 2099 1304 2143 {J
1323 2102 1368 2134 25
1395 2109 1459 2144 op-

164 2141 266 2179 tavit-
290 2145 355 2178 AB
374 2145 387 2188 η
406 2143 440 2179 d.
467 2143 538 2180 hoc
565 2155 599 2189 g.
626 2146 653 2177 B
