1578 2470
160 760 203 790 10

161 1049 202 1079 15

159 1339 204 1369 20

166 1628 211 1659 25

235 120 319 162 368
714 119 1014 162 QUINTILIANI

231 226 340 268 rus?
407 226 442 267 si
497 226 628 267 talem
675 226 898 267 habiturus
958 240 1072 268 eram
1133 227 1348 283 animum,
1409 227 1490 269 diis

232 285 392 339 gratias
437 297 537 338 ago,
583 283 695 338 quod
731 286 855 325 nocte
892 284 1000 325 veni.
1065 299 1141 327 vos
1180 286 1389 341 profecto,
1431 286 1490 327 dii

231 342 495 396 coniugales,
533 341 643 383 hanc
679 342 744 382 illi
783 344 968 382 mentem
1007 342 1199 397 dedistis,
1237 346 1284 386 ut
1320 344 1492 386 domum

230 400 274 440 in
305 400 447 440 dotem
478 400 616 454 daret3
649 402 697 440 ut
727 400 873 441 eadem
903 399 1070 441 familia
1103 402 1346 455 excubaret3
1375 404 1424 443 ut
1454 402 1490 443 is

230 458 386 499 ianitor
417 460 541 512 esset,
573 458 646 512 qui
678 472 745 499 me
776 457 1040 499 admitteret:
1081 462 1129 499 ut
1153 473 1343 502 reversus
1375 459 1489 501 deni-

229 530 309 570 que
340 515 450 556 nihil
478 515 580 557 novi
609 516 857 569 invenirem,
903 518 1074 569 praeter
1105 516 1330 560 adulteros.

315 573 432 628 Ergo
470 588 575 615 uxor
611 573 671 615 sic
704 588 728 614 a
761 588 826 614 me
864 575 1018 627 amata,
1049 577 1308 617 testamento
1338 576 1492 618 relicta

227 631 361 685 heres,
393 631 537 673 audita
558 634 696 673 morte
721 631 870 673 mariti
896 646 982 673 non
1005 631 1239 687 inquisivit,
1263 633 1336 675 ubi
1359 634 1491 689 peris-

229 703 335 742 sem3
366 703 453 731 non
478 690 644 744 aliquos
676 690 877 731 certiores
909 690 1099 741 nuntios,
1129 705 1216 732 non
1245 705 1490 734 reversuros

229 762 254 788 a
279 748 487 801 supremis
514 747 667 789 officiis
695 747 883 789 servulos
915 749 1171 801 expectavit:
1198 749 1272 791 sed
1289 748 1492 792 festinato

230 820 397 859 quoque
433 806 582 860 nupsit
619 808 662 847 et
699 806 742 846 in
778 819 911 847 novae
951 806 1138 848 libidinis
1181 821 1368 849 amorem
1399 822 1493 849 mea

228 863 383 905 iudicia
413 864 608 917 protinus
640 863 880 916 transtulit,
915 864 959 904 in
991 863 1136 906 eadem
1167 865 1312 919 domo,
1349 866 1395 906 in
1426 879 1494 907 eo·

229 921 325 962 dem
357 922 564 976 cubiculo,
595 921 639 962 in
671 922 815 963 eodem
847 921 987 963 lecto?
1026 922 1130 964 adeo
1162 898 1312 965 mariti
1338 923 1494 977 prioris

229 979 358 1020 etiam
402 980 607 1021 memoria
649 979 822 1021 obierat.
901 979 1007 1020 desii
1058 982 1142 1022 ista
1184 981 1348 1035 mirari,
1398 995 1493 1023 cum

229 1037 471 1078 adulterum
501 1037 587 1078 vidi
617 1038 828 1091 iuvenem,
865 1040 1039 1091 propter
1082 1053 1207 1092 quem
1239 1039 1402 1080 tamdiu
1434 1039 1493 1079 vi-

229 1095 311 1136 dua
343 1109 434 1136 esse
464 1109 551 1136 non
581 1097 739 1149 posset,
774 1095 972 1161 quamdiu
1009 1097 1268 1150 peregrinari
1299 1098 1495 1150 poteram

230 1166 321 1218 ego,
347 1154 418 1207 qui
443 1167 618 1195 uxorem
645 1153 705 1194 sic
731 1153 880 1194 amavi.
912 1155 1070 1194 temere
1103 1155 1306 1207 profecto,
1334 1156 1495 1196 temere

229 1211 274 1251 in
314 1211 482 1265 longius
513 1211 616 1252 ituri
657 1211 739 1251 iter
781 1211 981 1264 coniuges
1026 1214 1194 1252 nostras
1226 1212 1342 1254 domi
1371 1212 1495 1253 relin-

230 1269 417 1323 quimus:
459 1269 599 1310 subito
633 1269 877 1310 absentium
921 1269 1239 1324 obliviscuntur,
1282 1272 1325 1311 et
1363 1284 1498 1323 paene

231 1341 326 1368 cum
358 1327 460 1381 ipsis
491 1327 597 1368 toris
623 1340 802 1367 uxorum
829 1328 1008 1380 pectora
1035 1327 1327 1381 refrigescunt.
1367 1327 1497 1369 Mirer

230 1399 342 1426 nunc
369 1399 460 1439 ego,
491 1385 601 1426 unde
626 1398 783 1437 rumor,
809 1399 915 1438 quae
941 1387 1030 1426 tam
1060 1385 1250 1440 maligno
1275 1385 1495 1427 mendacio

232 1457 375 1508 causa,
413 1443 480 1484 cui
517 1442 676 1498 fingere
713 1442 828 1484 istud
869 1443 1132 1496 expedierit?
1194 1443 1267 1485 ille
1302 1443 1495 1498 profecto

231 1501 275 1542 in
306 1515 435 1543 causa
464 1500 547 1542 fuit
578 1501 758 1554 iuvenis,
788 1501 860 1554 qui
891 1501 937 1542 in
970 1501 1143 1543 domum
1180 1516 1323 1543 meam
1355 1501 1497 1543 induc-

231 1561 302 1600 tus
334 1562 413 1600 est:
447 1559 664 1613 quaesitus
697 1561 762 1599 est
791 1558 922 1600 locus.
976 1559 1063 1600 iam
1094 1560 1252 1614 ver<o>
1286 1560 1498 1602 bonorum

237 1631 429 1658 meorum
474 1617 567 1658 dira
611 1616 834 1670 populatio
879 1617 990 1658 sicut
1033 1617 1259 1659 notissimo
1298 1617 1500 1659 Graeciae

237 1674 332 1715 duci
363 1674 498 1729 Ulixi,
543 1675 616 1728 qui
653 1674 818 1715 felicior
855 1676 1000 1715 tamen
1040 1675 1175 1716 solam
1212 1675 1256 1716 in
1295 1675 1499 1717 adulteris

242 1733 358 1774 ultus
390 1734 455 1774 est
485 1733 613 1786 gulae
645 1731 923 1785 voluptatem.

333 1851 349 1881 1
377 1846 429 1881 dii
453 1850 479 1880 P
497 1849 510 1891 11
541 1850 560 1881 6
587 1857 722 1880 novum
747 1848 772 1878 Β
791 1847 803 1890 ΙΙ
834 1849 854 1879 9
880 1846 953 1880 alio
980 1856 1071 1890 quos
1095 1849 1122 1880 B
1147 1848 1159 1890 ΙΙ
1192 1851 1234 1882 10
1259 1836 1296 1888 >¹<
1318 1847 1360 1881 in
1385 1857 1497 1892 mary.

238 1895 268 1926 A
285 1894 297 1937 ΙΙ
318 1897 361 1927 10
377 1897 452 1927 -11
479 1893 728 1936 festinatoque
753 1904 838 1936 nup.
865 1894 891 1924 B
910 1893 922 1936 ss
944 1896 983 1926 11
1011 1893 1137 1937 nupsit
1161 1904 1306 1937 quoque
1333 1892 1383 1937 (ἓ)
1408 1893 1466 1928 Ro
1490 1893 1503 1939 Η

238 1950 288 1974 an
311 1941 513 1974 amatorem
540 1939 587 1984 (.?)
613 1939 670 1973 Ro
695 1940 707 1983 ΙΙ
734 1942 775 1982 ¹2.
800 1939 974 1973 transtuli
1003 1949 1062 1973 me
1092 1940 1132 1974 in
1155 1942 1182 1972 Β
1201 1941 1212 1985 ΙΙ
1239 1943 1282 1974 13
1310 1943 1351 1974 Ν
1379 1941 1408 1972 A
1426 1941 1439 1984 n
1459 1943 1502 1974 14

237 1987 415 2020 memoria
439 1986 580 2021 abierat
603 1988 652 2030 A,
687 1985 902 2020 memoriam
927 1986 1112 2020 abiecerat
1134 1989 1178 2028 Β,
1216 1997 1305 2022 corr.
1333 1986 1391 2022 Ro
1417 1987 1429 2031 Ι]
1456 1989 1498 2020 16

236 2034 384 2076 poterat
408 2035 434 2066 Β
459 2034 471 2077 ss
498 2037 540 2068 18
564 2033 636 2066 iter
661 2042 725 2067 om.
751 2035 778 2065 B
803 2033 814 2076 ΙΙ
839 2036 884 2066 20
907 2031 978 2076 ipsi
1003 2033 1040 2066 et
1064 2033 1135 2067 oris
1159 2035 1186 2066 Β
1213 2034 1226 2077 ΙΙ
1251 2037 1293 2067 21
1321 2033 1501 2068 mendacii

236 2082 263 2112 B
282 2079 293 2123 ΙΙ
314 2083 355 2113 23
383 2079 457 2114 *ad
482 2082 562 2122 AB;
598 2078 677 2123 [ad]
703 2077 761 2113 Ro
785 2079 797 2122 u
823 2082 961 2112 23—24
986 2078 1115 2113 ductus
1140 2082 1165 2112 P
1183 2080 1258 2123 {124
1282 2082 1442 2123 †quaes.
1471 2090 1499 2114 e.

238 2125 340 2160 locus
355 2129 378 2167 †
402 2125 460 2161 Ro
478 2128 490 2170 ΙΙ
509 2126 752 2161 verbonorum
778 2128 830 2158 Aa
847 2128 885 2167 B,
924 2124 1158 2160 virbonorum
1181 2128 1245 2167 Ab,
1279 2127 1502 2160 urbanorum
1516 2123 1525 2131 ‘

236 2174 272 2214 P,
305 2181 395 2206 cor-r.
425 2173 475 2206 Pi
503 2173 516 2217 n
547 2176 591 2206 25
618 2171 765 2206 Gretiae
798 2174 828 2204 A
851 2172 926 2216 [126
952 2171 1051 2206 Ulixi
1074 2182 1139 2207 om.
1165 2174 1218 2205 Aa
1240 2173 1253 2216 ΙΙ
1283 2171 1367 2206 duci
1390 2171 1500 2214 Ulyxi

238 2218 322 2252 duci
350 2220 394 2259 B,
435 2218 545 2262 Ulyxi
577 2217 661 2252 duci
690 2221 716 2250 P
746 2218 757 2262 ΙΙ
786 2222 831 2252 27
864 2218 987 2252 vultus
1018 2221 1043 2250 Β
1074 2219 1086 2262 fl
1117 2217 1224 2262 gylae
1256 2218 1411 2263 (grlae?)
1437 2221 1500 2262 Aa,

239 2264 362 2308 Syllae
385 2267 412 2297 Β
432 2265 443 2309 ΙΙ
462 2269 506 2300 27
539 2265 767 2300 voluntatem
793 2267 818 2297 Β
