1604 2488
180 743 222 774 10

179 1032 221 1063 15

179 1321 223 1352 20

179 1610 223 1641 25

250 104 277 145 2
283 104 336 145 24
728 102 1004 145 QUINTILIAN
1009 103 1024 138 1

247 225 338 252 esse
371 211 424 252 ab
456 210 532 251 illo
564 209 798 264 pecuniam,
830 212 904 250 aut
936 224 985 251 ex
1017 209 1098 251 hoc
1125 211 1382 252 testamento
1408 224 1503 264 pro-

246 268 514 310 nuntiatione
552 270 693 310 vestra
724 267 905 308 liberum
944 267 1050 308 fieri:
1088 281 1191 308 num
1230 267 1344 309 inter
1378 268 1504 310 liber-

246 326 360 368 tinos
398 325 566 367 futurus
605 325 697 367 est?
746 339 844 379 non,
874 327 922 366 ut
959 325 1118 379 opinor.
1180 325 1300 380 atqui
1331 327 1368 368 si
1398 325 1506 367 illud

246 385 291 424 in
321 383 514 425 confesso
547 386 623 438 est,
655 398 768 437 eum,
801 383 873 438 qui
903 398 929 424 a
960 383 1162 424 servitute
1191 383 1237 424 in
1264 383 1506 426 libertatem

246 442 408 495 veniat,
438 456 524 483 non
565 455 656 483 esse
688 442 790 495 alio,
822 455 947 495 quam
978 440 1169 482 libertini
1198 441 1310 495 loco,
1339 441 1410 483 hic
1440 455 1505 483 so-

247 500 362 541 lutus
412 499 491 541 hac
538 499 791 541 necessitate
839 501 929 540 tam
976 499 1182 554 ingenuus
1227 498 1393 541 futurus
1435 501 1507 554 est,

250 572 378 611 quam
414 557 512 598 fuit:
549 557 778 598 manifesto
816 571 868 598 ne
899 556 1026 598 hodie
1057 556 1224 611 quidem
1254 570 1399 599 servus
1430 559 1507 599 est.

248 615 332 656 alia
368 629 533 670 quoque
571 616 791 670 complura
831 618 948 668 sunt,
990 629 1113 668 quae
1130 614 1284 656 intueri
1314 614 1432 670 licet,
1469 616 1507 657 si

247 673 399 714 velitis.
474 687 619 714 servus
665 675 739 714 aut
783 673 899 714 domi
943 676 1069 714 natus
1112 674 1177 714 est
1221 675 1294 714 aut
1334 672 1506 716 relictus

247 731 484 772 hereditate
522 733 596 772 aut
634 732 812 784 emptus.
871 731 984 773 hunc
1025 745 1076 771 ex
1114 744 1196 785 quo
1234 743 1385 786 genere
1423 745 1508 773 ser-

247 803 396 830 vorum
427 788 618 843 ponitis?
669 789 784 830 domi
817 791 966 830 natum
997 802 1088 830 esse
1121 802 1164 830 se
1194 802 1280 831 non
1310 789 1424 842 dicit,
1453 803 1507 830 ne

248 849 434 900 emptum
477 846 646 901 quidem
693 849 767 887 aut
811 846 1046 888 hereditate
1088 846 1295 888 relictum.
1354 846 1508 900 pendet

247 905 381 958 igitur
411 905 548 947 omnis
577 905 682 946 haec
715 904 904 946 condicio
929 905 1116 946 faenore.
1159 904 1261 959 quid
1287 903 1507 959 sequitur?

246 964 294 1003 ut
323 963 521 1014 no[me]n
551 962 609 1003 sit
639 962 855 1015 (servus).

335 1019 452 1061 Haec
494 1020 547 1061 ad
587 1020 680 1074 ipsa
723 1019 971 1061 testamenti
1019 1019 1165 1061 verba:
1215 1019 1321 1061 libet
1363 1022 1507 1062 tamen

249 1077 429 1119 scrutari
470 1078 601 1119 etiam
637 1077 823 1119 defuncti
862 1078 1141 1131 voluntatem3
1180 1091 1263 1131 qua
1293 1076 1403 1118 nihil
1433 1091 1506 1131 po-

248 1136 406 1177 tentius
439 1135 552 1189 apud
581 1149 671 1189 nos,
702 1135 811 1176 nihil
839 1137 988 1176 nostro
1015 1135 1156 1176 animo
1189 1135 1395 1176 sacratius
1416 1149 1507 1176 esse

248 1193 383 1234 debet.
444 1192 643 1234 credibile
681 1195 747 1234 est
783 1193 932 1248 igitur,
974 1192 1055 1233 hoc
1093 1206 1189 1234 eum
1221 1193 1419 1247 sensisse,
1459 1195 1507 1234 ut

246 1251 428 1292 liberum
466 1265 557 1292 esse
599 1250 729 1292 vellet
771 1251 901 1291 etiam
946 1249 1187 1292 addictum?
1254 1264 1397 1292 servos
1434 1264 1508 1292 cur

248 1309 557 1363 manumiserit,
585 1308 857 1350 manifestum
883 1310 965 1349 est:
997 1307 1229 1350 delectatus
1255 1310 1320 1349 est
1346 1307 1510 1363 officiis,

248 1366 404 1408 referre
459 1367 596 1408 voluit
650 1366 831 1422 gratiam
882 1366 1099 1420 obsequio.
1176 1366 1283 1407 alius
1333 1379 1508 1420 aegrum

249 1427 497 1478 curaverat,
524 1425 634 1466 alius
671 1424 1010 1479 peregrinantem
1048 1426 1215 1465 secutus
1253 1425 1363 1477 erat,
1399 1423 1507 1465 alius

248 1483 361 1524 inter
390 1485 456 1524 tot
486 1483 784 1536 occupationes
810 1481 935 1536 <res>
961 1482 1214 1523 domesticas
1241 1481 1509 1535 custodierat,

249 1541 357 1582 alius
388 1540 469 1582 hoc
505 1541 647 1594 ipsum
683 1541 831 1582 faenus
869 1542 1130 1582 exercuerat:
1175 1539 1312 1582 voluit
1350 1539 1508 1581 liberos

250 1612 351 1651 esse,
383 1612 488 1652 quos
520 1601 749 1652 amaverat,
781 1613 806 1639 a
838 1598 989 1652 quibus
1021 1600 1210 1639 amatum
1236 1611 1327 1638 esse
1353 1611 1397 1638 se
1422 1611 1509 1639 cre-

248 1655 424 1697 diderat.
483 1656 581 1697 huic
611 1670 711 1697 vero
744 1655 844 1710 quid
877 1655 1034 1709 debuit,
1063 1656 1147 1697 nisi
1178 1655 1317 1696 iram?

333 1713 521 1768 „Durum
557 1716 701 1755 tamen
743 1713 909 1754 videtur
949 1715 991 1754 et
1030 1713 1324 1766 inhumanum,
1370 1712 1507 1754 solum

246 1772 357 1813 hunc
390 1786 482 1813 esse
512 1772 558 1812 in
583 1772 761 1813 vinculis
789 1773 831 1813 et
856 1771 900 1812 in
925 1769 1165 1812 servitute.“
1221 1770 1334 1811 Ante
1354 1769 1508 1823 omnia,

249 1830 284 1870 si
316 1829 418 1884 quid
450 1829 572 1883 (est)
599 1830 855 1884 asperitatis,
886 1829 932 1870 in
956 1829 1050 1883 lege
1076 1831 1152 1883 est,
1185 1842 1291 1883 quae
1318 1827 1508 1870 addictos

341 1971 362 2002 2
387 1978 461 2002 non
485 1970 511 2000 B
531 1969 542 2012 ΙΙ
561 1967 835 2002 libertinus
860 1967 919 2011 ΔΙΙ
946 1969 966 2000 4
992 1965 1055 2010 qui
1080 1965 1118 2000 in
1144 1965 1357 2001 servitutem
1382 1963 1421 1998 in
1445 1964 1507 1998 lib.

248 2017 278 2047 A
297 2015 308 2059 ΙΙ
333 2018 353 2048 6
379 2014 428 2048 sit
452 2017 534 2057 AB,
561 2024 651 2048 cor-‚r
678 2013 748 2048 Sch
771 2014 783 2058 u
808 2016 828 2047 8
855 2012 927 2047 alio
952 2014 978 2045 Β
998 2013 1010 2058 ΙΙ
1029 2016 1048 2047 9
1075 2023 1243 2047 servus
1269 2012 1328 2056 ΔΙΙ
1347 2011 1509 2045 domina

247 2062 305 2094 tus
329 2063 355 2093 B
381 2060 392 2104 ΙΙ
419 2064 462 2094 10
486 2062 649 2104 temptus
674 2063 700 2093 B
724 2061 735 2104 ΙΙ
763 2063 803 2094 11
832 2058 1060 2093 dominatum
1085 2061 1111 2091 B
1140 2060 1151 2103 ΙΙ
1182 2061 1315 2092 11-12
1342 2057 1411 2091 dic.
1436 2067 1509 2091 non

249 2118 317 2141 em.
343 2109 369 2139 B
395 2108 406 2151 ΙΙ
433 2110 475 2141 12
502 2107 687 2151 emptione
713 2109 788 2149 AB,
814 2116 903 2140 corr.
930 2106 987 2139 Ro
1006 2106 1018 2150 ΙΙ
1044 2108 1087 2139 14
1111 2106 1152 2138 ut
1176 2114 1310 2138 nomen
1335 2103 1392 2138 sit.
1419 2103 1509 2137 haec

248 2155 331 2196 ΔΒ,
364 2163 452 2188 corr.
480 2153 537 2188 Ro
562 2157 594 2187 et
618 2152 670 2187 Ra·
686 2153 699 2196 ΙΙ
725 2156 767 2186 16
794 2152 881 2196 quia
906 2155 958 2185 Aa
975 2153 987 2197 ΙΙ
1008 2155 1049 2186 17
1073 2162 1140 2185 nra
1164 2153 1193 2184 Δ
1211 2151 1222 2195 ΙΙ
1241 2153 1285 2184 23
1310 2148 1421 2196 (res)
1446 2148 1508 2201 do-

247 2200 419 2234 mesticas
444 2200 501 2233 Ro
527 2201 538 2244 Η
562 2203 607 2234 25
635 2209 672 2233 se
698 2209 762 2233 om.
789 2201 876 2232 AaB
895 2199 906 2242 ΙΙ
932 2201 1068 2232 26-27
1094 2196 1186 2231 iram
1213 2197 1340 2231 dorum
1367 2198 1428 2238 Aa,
1454 2194 1510 2229 ira

247 2245 427 2280 malornm
448 2249 474 2278 B
494 2246 504 2289 ΙΙ
524 2250 567 2280 27
595 2247 633 2280 et
661 2245 752 2279 mihi
776 2256 925 2279 manum
950 2247 976 2277 Β
995 2245 1007 2288 Ι]
1026 2247 1069 2279 29
1095 2242 1206 2290 (est)
1231 2242 1300 2277 Seh
