1586 2476
437 132 864 170 DECLAMATIONES.
892 132 1079 170 CCLVIII.
1328 131 1332 133 “
1345 132 1403 176 53

118 244 512 299 quantumcumque
544 243 602 286 sit
633 242 763 298 istud,
795 242 909 300 quod
940 245 1059 298 peto:
1094 257 1182 285 11011
1212 242 1405 286 indicare

119 301 226 344 satis
270 301 363 345 est?
413 317 500 345 non
539 302 798 346 desiderium
841 302 1067 357 pervenire
1111 303 1158 345 in
1201 302 1404 345 notitiam

117 363 240 404 tuam
266 360 437 418 sufficit,
461 362 548 405 nisi
565 376 712 418 preces
727 361 976 416 adhibuero,
1001 362 1085 404 nisi
1099 362 1405 405 auctoritatem

116 423 345 476 paternam
377 422 663 465 summisero‘?
706 422 892 464 multum
922 435 1198 478 peccaveras,
1231 421 1404 464 etiamsi

116 480 423 535 praestitisses.

206 538 333 582 Nunc
369 554 471 583 vero
514 540 616 596 quid
647 556 673 583 a
703 544 747 584 te
778 538 1020 595 petieram?
1062 542 1112 582 ut
1142 540 1249 582 mihi
1281 554 1405 597 prae-

117 598 206 641 mio
239 598 421 642 cederes.
452 614 541 643 non
565 599 673 656 dico,
704 599 806 657 quid
832 599 964 642 fuerit
989 602 1249 642 secuturum.
1292 599 1404 643 Sane

117 657 182 700 ita.
219 658 276 701 sit
314 659 555 702 constituta
590 660 676 715 lex,
718 662 767 703 ut
805 659 851 701 in
889 659 1047 702 iudicio
1081 658 1405 715 contendamus,

118 720 169 760 ut
206 718 316 760 citra
353 719 594 773 periculum
633 719 799 762 feratur
835 719 887 761 de
923 721 1076 762 nostra
1112 719 1274 762 virtute
1313 733 1405 761 sen-

116 777 273 820 tentia:
310 792 399 820 non
439 780 532 820 erat
563 793 749 834 aequum
781 778 930 822 cedere
962 782 1026 834 te,
1064 780 1113 821 ut
1142 792 1231 821 non
1262 778 1402 821 dicam

117 837 250 892 patri,
288 836 410 880 sem‘?
457 837 541 880 tibi
583 837 888 894 adprobandae
919 838 1096 881 virtutis
1127 837 1267 881 multa
1297 841 1406 880 tem-

118 910 225 951 pora
257 899 506 953 supersunt3
537 900 585 940 tu
617 912 791 953 sperare
822 898 876 953 id,
908 898 1021 953 quod
1055 897 1184 940 hodie
1211 898 1407 953 cesseris,

117 959 262 1010 potes:
294 955 402 998 mihi
433 956 615 999 indulsit
645 956 820 1000 fortuna
850 957 966 1000 hunc
995 971 1243 1012 supremum
1271 957 1406 999 hono-

117 1029 221 1058 rem.
271 1015 384 1058 inter
411 1017 638 1059 extraneos
669 1031 840 1072 quoque
872 1020 915 1059 et
946 1016 1109 1059 alienos
1136 1019 1203 1058 est
1228 1015 1405 1071 aliquod

115 1075 392 1131 privilegium
418 1075 611 1118 aestatis.
664 1075 849 1118 honores
877 1076 997 1131 prior
1029 1079 1239 1131 peterem:
1266 1076 1321 1118 ad
1349 1076 1402 1118 si—

118 1134 338 1191 gnandum
377 1133 630 1190 advocatus,
679 1135 802 1190 prior
832 1135 1100 1192 <signarem,
1144 1135 1407 1178 sententiam

116 1194 267 1250 prior>
288 1207 478 1250 rogarer.
502 1194 551 1236 in
570 1194 638 1237 his
660 1195 793 1238 etiam
813 1195 1004 1238 minimis
1025 1195 1406 1238 observationibus

117 1253 352 1296 inhumane
383 1267 471 1298 non
503 1253 674 1296 cederes
705 1254 915 1298 honorem
946 1254 1111 1297 lateris.

208 1313 304 1369 Age
334 1327 449 1368 vero,
484 1327 573 1356 non
603 1315 775 1368 praeter
804 1314 887 1356 hoc
919 1314 1051 1357 etiam
1082 1313 1258 1370 dignior
1285 1327 1407 1368 prae-

119 1372 206 1415 mio
237 1372 323 1415 fuit
352 1372 491 1414 virtus
522 1372 648 1415 mea?
679 1387 767 1415 non
799 1376 865 1415 est
890 1375 980 1416 tam
1007 1372 1277 1428 admirabile,
1308 1387 1405 1415 cum

118 1431 290 1474 sortiter
319 1430 427 1474 facit
457 1431 642 1474 iuvenis:
674 1431 757 1474 hoc
782 1435 901 1474 aetas
927 1432 1136 1487 postulat,
1165 1432 1247 1475 hoc
1273 1432 1407 1474 robur

118 1491 318 1533 iuventae
349 1490 508 1545 poscit3
544 1504 681 1558 paene
713 1494 838 1558 turpe
870 1494 954 1545 est,
994 1506 1083 1534 non
1113 1491 1286 1534 fecisse:
1322 1491 1406 1534 hoc

121 1553 187 1592 est
218 1549 383 1592 honore
414 1549 609 1605 dignius,
640 1549 795 1593 vicisse
827 1565 963 1594 annos
995 1553 1039 1593 et
1067 1551 1182 1593 ultra
1217 1553 1406 1593 aetatem

119 1609 324 1652 durantes
362 1621 490 1664 agere
529 1609 724 1652 virtutes.
786 1624 836 1652 eo
877 1612 1074 1666 tempore
1107 1609 1280 1652 fortiter
1310 1610 1406 1666 feci,

119 1682 203 1724 quo
235 1668 333 1725 cogi
360 1682 448 1711 non
472 1682 658 1724 possem,
689 1671 739 1711 ut
763 1669 1011 1713 militarem
1055 1672 1202 1712 utrum
1227 1669 1404 1713 tandem

120 1727 182 1773 vis
215 1727 361 1782 (non)
393 1741 601 1784 magnum
633 1743 738 1783 esse,
770 1729 883 1784 quod
915 1743 996 1785 ego
1028 1729 1128 1786 feci3
1174 1745 1230 1772 an
1261 1729 1405 1772 minus

118 1801 211 1830 esse
244 1786 376 1842 <eo>‚
408 1787 523 1843 quod
552 1790 601 1830 tu
632 1787 802 1831 fecisti?

205 1845 443 1889 Videamus
474 1861 589 1890 nunc
620 1846 744 1903 haec,
777 1848 873 1904 quis
904 1847 1037 1890 fuerit
1065 1851 1290 1891 secuturus
1317 1847 1405 1891 exi—

115 1907 200 1960 tus,
233 1906 270 1948 si
300 1905 347 1948 in
377 1905 465 1948 ista
497 1906 774 1949 contentione
805 1907 988 1962 praemii
1018 1907 1133 1951 idem
1161 1908 1295 1950 animi
1322 1921 1404 1964 ego

117 1979 286 2021 quoque
336 1964 605 2008 habuissem:
654 1967 784 2009 armis
828 1966 1174 2010 contendendum
1223 1969 1318 2009 erat
1362 1970 1405 2010 et

115 2023 359 2068 laetissimo
398 2025 559 2081 alioqui
598 2024 750 2068 domus
787 2030 962 2069 nostrae
993 2029 1207 2082 proventu
1238 2026 1403 2083 gravis-

214 2144 258 2176 14
284 2140 428 2186 aliquid
452 2144 505 2176 Aa.
536 2143 548 2187 11
584 2145 626 2177 15
652 2141 909 2188 priopeterent
936 2146 966 2177 A
999 2145 1010 2189 u
1043 2147 1086 2180 16
1112 2142 1348 2191 *<signarem
1374 2155 1403 2180 s.

115 2186 244 2241 prior>
269 2188 281 2233 ΙΙ
308 2191 351 2224 18
377 2188 623 2224 inhumanum
649 2201 696 2225 ne
723 2190 799 2226 ced.
826 2193 852 2224 B
879 2192 891 2237 ΙΙ
919 2195 961 2227 19
987 2190 1178 2237 indignior
1202 2193 1229 2224 B
1250 2193 1262 2237 ΙΙ
1287 2195 1332 2225 20
1359 2190 1402 2225 in

116 2234 362 2271 iuvenibus
395 2236 618 2272 virtutem
650 2248 738 2273 non
771 2238 882 2273 satis
910 2249 1006 2275 esse
1033 2238 1311 2274 laudandam
1336 2241 1366 2271 A
1392 2240 1403 2283 J

117 2285 162 2317 26
169 2281 316 2363 (gion)
340 2282 400 2320 Ro
419 2285 430 2328 ΙΙ
449 2283 550 2332 (eo)
576 2284 633 2320 Ro
653 2286 664 2328 ΙΙ
684 2287 728 2319 28
754 2285 864 2320 haec
892 2285 992 2330 quis
1018 2289 1047 2320 A
1067 2288 1078 2332 Η
1098 2286 1226 2330 aequis
1241 2289 1281 2330 A,
1308 2286 1402 2321 haec

116 2328 181 2374 qui

1431 789 1477 821 10

1433 1086 1475 1117 15

1432 1383 1477 1415 20

1430 1679 1476 1712 25

1430 1978 1475 2009 30
