1604 2488
417 114 840 164 DECLAMATIONES.
869 126 1053 164 cccxxi
1290 126 1378 169 265

86 237 233 280 licitus
273 251 330 280 ee.
390 237 584 280 habebas
622 236 1002 291 medicamentum,
1036 238 1079 278 et
1118 235 1207 279 tale
1243 236 1378 278 medi-

88 299 335 340 camentum
354 296 528 340 dicebas
549 311 632 352 quo
658 310 841 352 propere
863 295 1144 351 <re>duceres
1166 296 1378 351 spiritum,

89 370 174 412 quo
202 356 294 399 vit-a
318 356 472 411 reponi
497 358 658 411 posset,
690 370 773 411 quo
799 370 965 398 venena
992 355 1260 411 fugarentur,
1293 370 1377 411 quo

86 416 497 459 transmitterentur.
544 415 766 471 potionem
800 415 956 458 dedisti
989 417 1065 458 aut
1095 414 1277 457 remedii
1304 417 1379 457 aut

86 475 258 518 veneni:
297 475 335 518 si
364 474 544 518 remedii
574 474 781 531 dedisses,
812 475 988 518 viveret.
1049 489 1138 518 non
1168 474 1212 516 id
1245 489 1374 530 appa-

85 536 164 577 ret.
216 548 319 591 ergo
352 549 566 578 venenum
599 534 765 577 dedisti.

174 593 317 636 Multa
361 597 480 650 sunt,
522 594 698 649 iudices,
743 607 852 648 quae
896 593 1039 636 minus
1085 593 1198 636 clare
1231 593 1376 636 verbis

86 655 216 709 atque
244 654 412 696 act-ione
440 653 622 708 exprimi
646 656 843 709 possunt.
890 653 1060 696 utinam
1087 653 1259 709 quidem
1291 652 1377 694 for-

83 714 192 756 tuna
227 713 541 769 praestitisset,
583 714 633 755 ut
669 712 804 755 frater
844 727 965 755 meus
997 713 1184 756 viveret:
1235 714 1376 755 osten-

86 771 247 815 dissem
278 772 404 816 vobis
437 772 663 816 medicum.
713 772 797 815 hoc
824 773 938 814 enim
966 775 1068 815 ante
1095 772 1240 815 omnia
1268 772 1375 823 dico,

83 831 265 875 iudices:
297 832 519 876 medicum.
576 831 860 875 ostendissem
891 831 1115 887 potionem
1146 831 1258 874 hanc
1290 846 1378 874 non

86 890 350 934 coditianam
383 893 427 934 et
453 906 538 947 qua
564 905 712 934 omnes
739 892 914 947 utimur,
947 891 1021 933 sed
1046 890 1377 934 medicamentis

84 950 346 1005 permixtam
390 953 434 993 et
466 952 701 993 oneratam.
763 951 839 993 dat
869 950 1060 993 medicus
1093 949 1378 993 medicamen-

83 1012 188 1052 tum.
237 1010 312 1065 qui
344 1012 567 1064 acceptam
599 1009 713 1051 bibit
742 1010 978 1065 potionem,
1011 1009 1160 1052 statim
1194 1010 1377 1064 expirat.

83 1068 157 1124 qui
194 1069 372 1112 tandem
416 1069 488 1112 hic
531 1068 921 1124 argumentandum
966 1068 1088 1112 erat?
1163 1069 1237 1124 qui
1281 1071 1375 1111 tan-

82 1127 180 1170 dem
210 1127 281 1171 hic
312 1127 613 1184 probandum?
661 1143 750 1171 non
782 1129 918 1171 oculis
951 1128 1246 1180 iudicassetis,
1288 1143 1377 1171 non

83 1187 288 1230 continuo
327 1188 491 1230 strictis
529 1187 727 1230 faucibus
758 1188 992 1243 rapiendus
1026 1188 1081 1230 ad
1114 1188 1376 1244 supplicium

82 1246 296 1289 veneficus
339 1247 572 1302 videretur,
618 1247 692 1302 qui
734 1261 849 1289 nunc
891 1247 1023 1289 etiam
1067 1248 1207 1303 spolia
1245 1246 1377 1290 occisi

82 1305 269 1348 hominis
302 1308 420 1349 tenet
452 1309 507 1361 et,
540 1306 687 1349 subito
722 1306 924 1362 locuples,
958 1307 1021 1348 ait
1047 1321 1092 1348 se
1118 1306 1376 1349 tantundem

81 1364 259 1419 habere,
291 1367 503 1420 quantum
535 1379 622 1419 me,
654 1366 728 1421 qui
760 1380 899 1422 nuper
931 1365 1088 1409 divisi?
1132 1365 1238 1408 mihi
1272 1365 1375 1421 quid

82 1424 282 1466 relictum
315 1427 382 1467 est
412 1427 587 1480 praeter
618 1425 761 1467 luctus
794 1428 838 1467 et
868 1423 1101 1468 lacrimas?

172 1483 387 1527 Ultimum
432 1497 535 1539 ergo
586 1483 694 1526 illud
743 1483 890 1540 nobis,
938 1483 1073 1526 frater
1122 1484 1375 1539 miserrime,

83 1543 330 1586 convivium
359 1543 480 1585 erat?
514 1543 648 1586 sicine
675 1543 859 1600 digressi
886 1542 1066 1586 sumus?
1098 1544 1143 1586 in
1168 1543 1248 1586 has
1276 1558 1374 1599 spes

82 1601 390 1645 discessimus?
450 1602 586 1645 habui
623 1602 894 1646 occasionem
933 1603 1171 1659 †merendi
1185 1605 1223 1657 †.
1302 1603 1374 1645 diu

79 1661 310 1704 insidiatus
343 1676 492 1705 essem.
542 1662 668 1717 potui
699 1662 782 1705 tibi
813 1676 1026 1705 venenum
1059 1662 1174 1719 dare,
1205 1661 1256 1705 de
1290 1677 1374 1718 quo

78 1720 190 1763 nihil
222 1721 514 1778 suspicareris.

178 1841 270 1873 1--2
297 1838 336 1874 et
359 1838 438 1874 tale
464 1838 782 1875 medicamentum
807 1849 873 1875 om.
899 1842 926 1873 B
946 1840 999 1884 112
1026 1839 1162 1875 ducere
1188 1842 1236 1884 A,
1264 1839 1371 1875 duce-

83 1885 142 1920 ret
166 1887 235 1930 132,
261 1883 511 1933 <re>duceres
535 1885 594 1921 Ro
620 1891 653 1923 et
677 1886 732 1922 Ra·
755 1888 768 1932 ΙΙ
792 1890 813 1922 3
839 1887 1000 1932 reponi
1027 1889 1057 1920 Δ
1075 1887 1087 1932 ΙΙ
1113 1891 1133 1922 5
1159 1886 1293 1933 venilss
1315 1889 1345 1920 A
1364 1887 1376 1932 Η

79 1935 124 1967 12
152 1931 241 1977 quia
265 1935 319 1967 Aa
348 1934 361 1978 ΙΙ
394 1937 438 1968 14
464 1935 611 1969 acetum
636 1934 693 1979 Pl]
721 1938 764 1969 15
790 1933 882 1978 quid
906 1936 933 1968 B
952 1935 966 1980 ss
984 1933 1075 1978 quid
1099 1937 1125 1968 Β
1157 1935 1170 1980 ΙΙ
1203 1938 1245 1969 19
1270 1935 1377 1969 tenet

79 1989 146 2014 om.
172 1981 199 2013 B
219 1980 296 2025 1123
320 1979 391 2015 hac
417 1982 506 2015 Aan
526 1981 538 2027 11
557 1991 623 2026 spe
649 1983 675 2015 B
705 1982 716 2027 ΙΙ
742 1985 788 2016 24
813 1980 1006 2016 metuendi
1033 1981 1267 2026 (mentiendi)
1292 1981 1375 2024 Sck,

33 2030 38 2034 '
79 2026 241 2063 nocendi
266 2026 345 2071 Ro,-
369 2028 431 2063 sed
456 2028 610 2071 fortasse
628 2029 747 2073 plura
771 2028 923 2064 turbata
942 2029 954 2074 ΙΙ
974 2032 1020 2064 25
1046 2029 1185 2076 essem]
1213 2040 1295 2064 sum
1321 2031 1374 2063 Ab

1404 783 1448 814 10

1405 1080 1448 1112 15

1402 1377 1447 1409 20

1401 1673 1447 1705 25
