1586 2476
464 96 1400 139 DEGLAMATIONES.CCL11.31

111 210 187 254 sed
223 210 282 278 .ei’
326 209 401 265 qui
445 209 576 252 dicat:
620 207 932 251 »sacerdotium
976 206 1234 249 abstulisti«.
1295 205 1402 249 haec

110 269 304 326 crimina,
335 269 374 312 si
400 283 530 325 quam
557 268 688 311 aliam
714 268 856 325 legem
879 266 1056 321 habent,
1087 265 1278 308 transfer
1298 280 1402 308 sane

109 329 326 373 actionem
356 343 518 384 meam3
552 328 589 371 si
619 327 784 370 nullam
813 327 946 370 aliam
971 326 1148 381 habent,
1180 340 1255 368 cur
1278 340 1402 381 prae-

112 388 267 432 scribis
306 388 508 432 adversus
546 388 761 431 maiorum
799 385 1072 442 diligentiam
1114 387 1158 428 et
1189 385 1402 440 exquisita

107 448 298 505 ingenia,
312 462 421 504 quae
430 447 558 503 <ius>
568 446 862 502 scripserunt?
881 445 965 488 Est
978 445 1116 502 igitur
1129 445 1401 500 inscriptum.

197 507 268 550 An
304 507 566 550 maleficium
603 506 678 562 sit,
717 506 755 549 si
792 506 920 549 modo
958 506 1062 560 ista,
1101 519 1209 560 quae
1250 504 1401 560 obieci,

109 581 213 611 vera
244 570 359 624 sunt,
389 567 609 610 neminem
641 566 941 609 dubitaturum
974 565 1175 607 arbitrar.

196 626 310 670 Illud
346 630 495 670 tamen
536 629 581 669 et
611 625 769 669 iudicio
801 640 890 668 non
922 624 1114 668 alienum
1147 626 1190 666 et
1223 623 1401 666 adfecti-

107 686 187 729 bus
224 686 335 729 meis
370 686 661 730 necessarium
699 687 766 728 est
803 685 961 739 dicere,
1005 685 1215 740 quantum
1241 683 1402 726 malefi-

107 746 221 789 cium
254 746 323 789 sit.
378 745 714 802 diligentissime
746 745 933 788 maiores
958 744 1071 788 hanc
1099 743 1301 786 videntur
1331 757 1399 785 ex-

106 805 324 862 cogitasse
361 806 522 862 legem,
559 805 636 861 qui
672 819 770 847 cum
812 805 993 859 scirent,
1030 803 1198 846 nullam
1229 805 1400 845 tantam

107 879 201 908 esse
230 865 520 921 prudentiam,
551 865 718 907 nullam
749 864 883 906 immo
916 867 1009 906 tam
1041 866 1206 906 certam
1239 862 1401 905 divina·

105 924 290 980 tionem,
328 927 378 967 ut
415 925 578 979 omnia,
623 937 918 979 quaecumque
955 922 1145 978 ingeniis
1185 922 1400 965 malorum

106 983 347 1040 excogitari
377 998 587 1040 umquam
618 980 916 1040 po[tui]ssent‚
942 981 1218 1038 providentia
1247 996 1399 1024 caven-

103 1043 215 1086 tium
263 1043 449 1086 videret:
499 1043 582 1086 hac
631 1043 727 1098 lege
782 1057 955 1086 omnem
1000 1041 1213 1085 malitiam
1263 1041 1399 1084 veluti

105 1102 291 1159 quadam
328 1103 534 1158 indagine
580 1103 824 1158 cinxerunt,
868 1105 918 1144 ut
963 1100 1171 1158 quidquid
1213 1100 1400 1143 aliarum

104 1161 252 1218 legum
281 1162 508 1218 effugisset
534 1162 745 1205 auxilium
772 1162 898 1217 quasi
925 1161 1193 1204 extrinsecus
1220 1161 1400 1203 circum-

105 1221 292 1265 daretur.
353 1221 450 1279 Ego
483 1224 641 1273 autem,
672 1221 847 1273 iudices,
878 1236 967 1264 non
1000 1221 1051 1264 de
1077 1221 1160 1275 his,
1193 1220 1267 1276 qui
1286 1219 1401 1262 hanc

102 1280 247 1338 legem
278 1282 652 1337 conscripserunt,
697 1281 772 1324 sed
816 1281 867 1323 de
911 1281 1009 1336 ipsa
1051 1295 1197 1323 rerum
1239 1281 1399 1322 natura

104 1354 274 1396 queror,
315 1341 361 1383 in
391 1341 499 1397 ipsis
531 1340 730 1395 inscripti
762 1340 965 1382 maleficii
995 1340 1081 1383 reis
1114 1339 1285 1382 nullum
1317 1338 1399 1381 dis-

105 1400 269 1442 crimen
301 1414 395 1443 esse
426 1402 660 1443 servatum.
718 1399 938 1442 summisit
969 1399 1127 1455 aliquis
1159 1401 1399 1454 raptorem:

105 1459 366 1515 inscriptum
410 1459 671 1502 maleficium
717 1461 794 1501 est.
856 1459 959 1514 quid
998 1473 1164 1514 poenae
1203 1458 1400 1514 adicitur,

105 1518 220 1574 quod
253 1518 457 1562 adversus
485 1518 743 1574 petitrieem,
776 1518 891 1574 quod
916 1518 1122 1561 adversus
1149 1532 1258 1573 eam,
1290 1532 1399 1574 quae

104 1578 407 1634 sacerdotium,
439 1581 489 1621 ut
521 1578 621 1633 dixi,
652 1578 741 1621 iam
764 1592 900 1633 prope
927 1578 1181 1634 acceperat?
1225 1580 1398 1620 tantum

103 1637 236 1681 etiam
273 1638 319 1681 in
360 1637 468 1693 ipsis
507 1637 733 1693 suppliciis
770 1637 1001 1680 habiturus
1045 1637 1155 1680 lucri
1199 1637 1244 1680 in
1286 1651 1398 1680 com-

102 1697 260 1753 pendio
291 1699 503 1752 numeret,
536 1697 650 1753 quod
681 1697 780 1752 plus
813 1697 1043 1740 malefecit.

190 1756 378 1813 Reliqua
414 1757 552 1813 igitur
582 1771 671 1799 una
702 1757 898 1812 quaestio
932 1759 1017 1812 est,
1056 1771 1111 1800 an
1143 1756 1244 1812 hoc,
1283 1756 1398 1812 quod

99 1808 237 1860 filiam
268 1831 411 1859 meam
442 1816 608 1872 rapuit,
648 1816 763 1872 quod
794 1816 869 1859 illo
902 1818 1117 1873 tempore,
1149 1816 1263 1872 quod
1293 1819 1397 1871 post

98 1875 222 1918 illud·
245 1876 399 1932 populi
437 1875 663 1931 iudicium,
701 1875 888 1919 credatis
926 1891 1016 1919 non
1049 1892 1075 1919 a
1106 1875 1241 1919 divite
1274 1875 1397 1918 effec-

98 1937 206 1978 tum.
272 1935 384 1978 nihil
428 1935 675 1992 argumenti
719 1950 770 1977 ex
813 1935 1010 1978 moribus
1054 1936 1182 1978 istius
1226 1935 1393 1992 ducam,

100 1994 273 2038 etiamsi
299 1995 438 2050 qualis
465 1996 533 2051 sit,
559 2009 690 2051 quam
716 1994 967 2050 dissolutus,
994 2010 1124 2051 quam
1144 1995 1395 2038 luxuriosus

101 2068 152 2097 ac
176 2054 384 2110 perditus,
411 2055 518 2098 satis
544 2055 614 2098 vel
639 2069 726 2097 uno
752 2058 1010 2112 argumento
1030 2055 1210 2112 probari
1227 2055 1395 2110 potuit:

197 2163 218 2195 3
243 2160 388 2196 nullam
414 2171 498 2196 eam
523 2162 565 2204 A,
591 2170 684 2196 corr.
699 2159 760 2196 Ro
785 2163 817 2196 et
841 2160 895 2196 Ri
912 2162 925 2206 ΙΙ
944 2164 965 2196 5
991 2160 1077 2208 <ius
1131 2160 1215 2204 Sch,
1239 2161 1395 2205 fortasse

101 2207 226 2253 (hanc)
252 2208 378 2263 legem
403 2207 462 2244 Ro
488 2209 499 2254 ΙΙ
526 2212 546 2244 6
573 2207 723 2244 obiecta
743 2208 788 2254 (?)
815 2211 867 2243 Aa
885 2210 898 2254 ΙΙ
920 2212 959 2244 11
989 2220 1062 2254 quo
1115 2220 1200 2244 cum
1226 2211 1273 2254 A,
1301 2219 1392 2245 corr

101 2253 160 2290 Ro
177 2255 191 2300 11
212 2259 255 2291 13
280 2255 465 2291 maiorum
490 2259 531 2300 A,
558 2266 650 2292 corr.
667 2256 718 2291 Pi
736 2257 747 2301 ΙΙ
769 2259 814 2292 14
826 2256 1075 2303 po[tui]ssent
1087 2256 1145 2292 Ro
1165 2256 1176 2301 ΙΙ
1198 2260 1240 2292 19
1265 2237 1395 2302 legum

100 2302 237 2338 natura
260 2303 324 2339 Bu
342 2304 355 2348 ΙΙ
373 2307 419 2338 24
446 2313 541 2348 quae
566 2303 645 2338 dixi
670 2306 723 2337 Aa.
749 2304 760 2348 ss
780 2307 823 2339 32
851 2304 954 2349 perd.
983 2304 1195 2349 argumenti
1221 2303 1312 2339 satis
1339 2305 1392 2336 Aa

1428 754 1471 786 10

1427 1052 1469 1085 15

1426 1350 1471 1383 20

1425 1647 1468 1680 25

1420 1946 1466 1979 30
