1586 2476
399 72 827 114 DECLAMATIONES.
865 71 988 110 CCXL
995 71 1091 108 V111.
1339 70 1393 114 17

101 184 280 236 caedem
295 183 530 239 commisit,
547 181 889 239 quinquennium
909 179 1137 236 explevit.“
1155 179 1279 224 Nihil
1299 194 1396 224 mea

101 244 249 299 refert,
278 246 427 289 utrum
458 242 658 298 sequenti
687 241 810 288 caedi
839 255 930 285 non
959 239 1195 283 reddiderit
1223 243 1394 295 tempus

103 303 219 360 quod
239 302 426 349 debebat
445 303 580 346 etiam
603 301 750 357 priori.
786 315 889 345 nam
914 301 951 343 si
977 300 1318 356 quinquennium
1344 314 1397 346 ex

102 362 291 413 triennio
322 376 536 417 numeras,
566 361 677 407 illud
707 361 827 417 prius
853 375 942 404 non
968 362 1034 403 est
1067 360 1174 403 satis
1200 359 1395 415 plenum:

104 423 143 466 si
181 422 387 478 adsignas
419 421 557 477 priori
589 421 709 464 caedi
741 435 865 464 suum
896 422 1089 475 tempus,
1126 433 1218 463 non
1254 418 1398 474 coepit
1422 429 1443 462 5

103 482 278 529 exulare
309 481 508 537 sequenti
540 480 671 533 caedi,
702 480 788 523 nisi
812 482 914 535 post
939 479 1294 535 quinquennium.
1327 493 1397 521 ex-

104 542 221 598 plica
260 540 376 589 enim
416 540 527 584 mihi
566 540 756 587 medium
787 539 897 583 illud
927 539 1164 583 biennium.
1227 553 1284 582 an
1314 537 1399 583 hoo

105 601 231 645 diois:
263 600 404 644 »nihil
434 599 677 644 interest«?
715 599 784 646 dic
812 599 942 655 mihi,
973 613 1059 654 quo
1091 597 1222 645 modo
1255 597 1398 654 magis

107 660 360 715 exulaverst,
393 674 522 715 quam
549 659 587 703 si
613 673 744 703 unum
773 658 1016 702 occidisset.
1050 657 1167 713 quod
1191 659 1258 701 est
1282 655 1400 701 istud

107 722 261 764 contra
290 719 411 776 leges
443 718 765 775 compendium,
803 720 854 762 ut
883 718 998 761 idem
1030 718 1141 761 illud
1171 717 1399 761 biennium
1428 727 1471 760 10

105 779 267 835 prioris
298 793 466 835 poenae
495 778 702 822 ultimum
734 779 805 834 sit,
836 778 1058 834 sequentis
1085 776 1305 834 primum?
1348 777 1400 820 li-

106 840 182 882 bet
223 839 497 894 interrogare
540 841 768 893 tamquam
798 840 1086 893 praesentem.
1147 837 1225 879 illo
1258 835 1400 879 medio

106 900 304 954 tempore
341 897 430 940 utri
461 897 680 942 exulasti‘?
742 897 863 940 cuius
895 897 979 941 hoc
1010 897 1143 942 morti
1174 897 1245 939 lex
1276 910 1401 952 prae·

108 957 254 1001 stitit?
326 955 564 1012 Fingamus
610 957 726 1001 enim
769 957 878 999 duos
924 956 1078 1000 statim
1123 955 1306 1011 occisos,
1351 957 1402 999 ut

108 1017 228 1072 duos,
252 1016 318 1061 ita
343 1016 478 1062 etiam
495 1016 655 1072 plures,
681 1018 727 1060 et
745 1016 800 1060 ad
818 1030 1132 1071 quemcumque
1151 1029 1401 1059 numerum:
1430 1026 1474 1059 15

107 1076 230 1120 nulla
260 1075 508 1122 differentia
545 1078 614 1119 est
645 1076 760 1121 inter
791 1091 907 1127 eum,
948 1075 1022 1131 qui
1053 1076 1099 1119 in
1132 1089 1216 1118 uno
1250 1075 1403 1130 lapsus

109 1138 178 1180 est
201 1137 246 1179 et
271 1150 382 1191 eum,
409 1135 483 1191 qui
503 1134 850 1179 satisfactionem
869 1135 1069 1192 pluribus
1089 1134 1248 1178 debet?
1289 1134 1404 1190 „In-

108 1195 381 1251 prudentis
421 1195 593 1238 caedis
625 1194 898 1241 damnatus
931 1194 1286 1251 quinquennio
1322 1209 1404 1236 ex-

108 1253 256 1300 ulet.“
315 1254 404 1299 ista
433 1254 605 1299 ratione
636 1255 788 1301 statim
820 1256 998 1310 poterat
1029 1258 1131 1310 post
1163 1255 1402 1310 quinquen-

109 1314 231 1361 nium
255 1313 407 1370 redire,
432 1306 757 1370 siquidemffloc
781 1314 922 1358 dicere
951 1314 1060 1359 satis
1086 1317 1174 1356 est:
1206 1313 1405 1357 »caedem
1433 1324 1476 1357 20

111 1372 362 1428 impu-udens
395 1373 625 1429 commisit,
658 1373 1004 1429 quinquennium
1037 1373 1266 1417 exulavit«

201 1431 442 1476 Videamus
473 1446 608 1487 nunc,
647 1447 780 1488 quam
810 1433 1032 1476 rationem
1064 1434 1214 1476 secuta
1246 1432 1304 1475 sit
1335 1433 1407 1476 lex

112 1491 440 1536 constituendae
485 1491 699 1537 eiusmodi
730 1506 914 1548 poenae,
964 1506 1096 1548 quam
1127 1507 1196 1534 me
1228 1491 1406 1536 hercule

111 1550 284 1598 videtur
321 1550 430 1595 mihi
467 1551 631 1606 potiore
663 1551 911 1606 clementia,
943 1566 1074 1607 quam
1105 1551 1277 1595 iustitia
1309 1566 1407 1594 con·

113 1610 321 1657 stituisse.
382 1625 462 1666 pro
495 1613 634 1653 morte
667 1611 858 1654 hominis
892 1611 1155 1667 innocentis,
1196 1626 1276 1667 pro
1314 1611 1407 1654 vita
1434 1623 1478 1656 25

113 1669 399 1726 quinquennii
429 1669 613 1726 denique
645 1670 876 1714 constituit
903 1671 1158 1714 absentiam.
1193 1670 1292 1728 Ego
1317 1671 1409 1727 qui-

112 1729 213 1772 dem
242 1729 545 1785 inpudentiam
576 1730 695 1772 illius
721 1730 792 1774 vel
823 1731 870 1774 in
896 1730 981 1774 hoc
1007 1731 1159 1774 mirari
1186 1731 1292 1774 satis
1318 1746 1410 1774 non

112 1803 311 1844 possum,
354 1788 471 1844 quod
508 1789 736 1833 festinavit
774 1793 869 1833 tam
907 1791 994 1833 cito
1031 1790 1079 1833 in
1114 1790 1306 1847 patriam
1343 1806 1410 1835 re-

112 1849 236 1892 verti.
280 1851 348 1891 est
374 1849 501 1904 enim,
533 1851 581 1892 ut
606 1849 691 1893 sibi
723 1850 880 1906 aliquis
912 1865 1047 1893 unum
1080 1865 1230 1893 casum
1259 1851 1409 1895 remit-

113 1910 182 1951 tat
212 1910 258 1952 et
290 1908 426 1953 semel
455 1909 606 1964 lapsus
641 1923 785 1953 errore
818 1924 864 1953 se
889 1909 1106 1953 humanae
1131 1910 1406 1954 necessitatis
1434 1922 1479 1954 30

114 1970 309 2010 excuset:
347 1967 420 2010 hic
451 1983 573 2023 vero,
607 1969 682 2024 qui
715 1969 932 2012 commisit
964 1970 1124 2012 iterum
1156 1969 1291 2026 idem,
1324 1985 1407 2027 quo

115 2027 297 2071 exilium
335 2028 510 2084 meruit,
551 2029 815 2084 computatis
848 2029 1000 2072 diebus
1035 2032 1163 2086 atque
1196 2029 1318 2073 horis
1351 2030 1408 2072 le·

213 2183 256 2215 11
282 2190 402 2226 paene
427 2183 458 2216 Δ
494 2182 506 2227 ΙΙ
544 2185 590 2218 24
614 2181 738 2227 priore
764 2184 805 2227 A,
832 2182 1031 2226 corr.=-Fr‚·
1066 2182 1208 2219 maiore
1235 2182 1291 2219 Gr
1322 2184 1334 2229 ΙΙ
1366 2186 1410 2218 25

114 2236 206 2272 prae
230 2230 261 2262 A
288 2229 300 2274 ΙΙ
326 2239 358 2278 ρ
385 2231 416 2263 Δ
433 2230 446 2275 ΙΙ
475 2233 519 2266 26
547 2228 802 2274 quinquennio
828 2233 868 2275 A,
895 2241 988 2268 corr.
1017 2230 1069 2268 Pi
1087 2233 1099 2277 {l
1119 2230 1244 2277 inique
1272 2230 1320 2276 (.9)
1341 2231 1412 2274 Ro,

117 2284 168 2310 απ
192 2269 366 2311 *demum
393 2275 444 2322 (ἓ)

189 2339 373 2373 Quintiliani
395 2342 479 2376 deol.‚
510 2343 555 2369 ed.
576 2343 687 2370 Bitter.
1175 2342 1195 2372 2
