1604 2488
203 724 244 755 10

204 1013 244 1044 15

203 1304 245 1334 20

204 1593 246 1624 25

273 84 353 125 106
747 84 1050 127 QUINTILIANI

269 190 345 231 illa
385 191 616 244 aequitate,
659 193 706 232 ut
737 191 889 245 dicam,
933 206 1057 246 quam
1093 192 1252 235 iustum
1289 193 1364 244 sit,
1411 208 1526 249 eum,

270 249 340 302 qui
377 249 572 290 intulerit
607 249 823 302 iniuriam,
861 250 1060 304 interfici,
1095 265 1190 292 cum
1226 251 1398 305 perierit
1438 252 1526 305 illa,

270 320 375 359 quae
409 307 586 360 accepit:
617 307 667 349 de
698 308 786 348 iure
817 307 912 361 ipso
943 308 1104 362 loquor.
1135 308 1229 364 lege
1255 309 1524 363 comprehen-

270 378 363 405 sum
396 367 475 418 est,
519 367 565 406 ut
607 368 753 419 rapta
795 366 1024 420 raptoris
1057 369 1266 409 mortem
1295 367 1373 408 vel
1403 381 1524 421 nup-

271 422 373 463 tias
406 424 558 476 optet.
601 426 649 464 ut
679 423 840 477 opinor,
871 438 956 465 una
987 438 1114 465 causa
1143 424 1250 479 legis
1279 424 1405 466 huius
1435 425 1528 477 fuit,

271 482 318 521 ut
354 480 404 521 (18
444 483 614 534 raptore
645 481 872 523 secundum
903 482 1167 523 voluntatem
1195 485 1342 536 raptae
1373 483 1527 525 consti-

270 540 473 579 tueretur.
499 539 656 593 alioqui
670 539 804 580 multa
824 539 1011 581 accidere
1023 542 1214 594 possunt,
1231 543 1406 595 propter
1421 554 1527 595 quae

270 599 395 649 rapta
425 610 511 638 non
543 599 671 651 optet.
711 598 921 652 fingamus
947 598 1144 639 vitiatam
1169 611 1261 639 esse
1286 612 1390 650 eam,
1421 612 1526 652 quae

270 654 387 708 loqui
427 668 513 696 non
556 655 710 708 possit:
770 669 871 696 num
914 656 1086 709 impune
1128 655 1325 697 iniuriam
1367 656 1528 709 fecerit,

273 711 474 766 quoniam
499 713 678 755 miserae
709 712 839 754 fecit?
879 715 1030 755 nutum
1060 727 1212 768 nempe
1236 713 1324 761 eius
1347 717 1420 755 aut
1438 714 1527 755 vul-

269 771 360 810 tum
405 772 478 811 aut
522 770 692 824 aliquod
730 771 898 826 signum
935 772 1066 813 animi
1108 771 1265 813 intueri
1304 774 1528 826 oporteret.

271 830 316 869 at
346 827 389 868 id
419 842 506 870 non
537 831 602 869 est
629 829 758 883 optio,
788 843 865 870 nec
890 829 995 870 satis
1014 829 1145 871 verba
1169 829 1277 884 legis
1303 829 1528 884 explebun-

268 888 355 926 tur:
394 886 655 927 occideretur
692 890 836 928 tamen
872 889 1035 941 raptor,
1079 887 1115 928 si
1151 887 1196 928 id
1225 887 1332 929 velle
1362 889 1530 941 raptam

270 943 628 998 intellegeremus.
687 945 898 999 fingamus
938 945 1222 987 valetudinem
1259 947 1529 987 consecutam

270 1004 436 1055 raptae,
467 1004 515 1042 ut
545 1002 663 1044 educi
694 1002 747 1043 ad
779 1003 1054 1058 magistratus
1084 1017 1170 1044 non
1199 1006 1359 1057 posset:
1395 1002 1528 1043 deerit

271 1059 432 1113 aliquid
474 1060 576 1114 legi3
629 1060 832 1102 vindicari
886 1063 1029 1102 tamen
1078 1074 1170 1102 eam
1221 1064 1342 1102 tanto
1391 1060 1527 1113 magis

270 1117 558 1171 oporte<bi>t‚
591 1118 702 1172 quod
734 1118 935 1159 credibile
967 1118 1058 1171 erit,
1089 1118 1220 1160 etiam
1249 1118 1388 1172 ipsam
1418 1117 1529 1159 vale-

271 1175 463 1216 tudinem
495 1190 545 1216 811
569 1176 723 1217 iniuria
753 1179 910 1217 natam.
955 1175 1075 1225 Quod
1107 1176 1143 1216 si
1172 1190 1259 1218 non
1287 1175 1433 1230 utique
1464 1174 1530 1230 (ut

270 1247 319 1274 ex
350 1232 416 1274 his
448 1233 722 1275 manifestum
753 1233 836 1288 est>
876 1247 1022 1275 vocem
1064 1235 1212 1289 raptae
1256 1233 1371 1288 exigi
1409 1247 1530 1288 opor·

271 1293 345 1345 tet,
377 1291 449 1333 sed
482 1291 619 1333 solam
650 1291 933 1333 voluntatem:
963 1291 1179 1333 videamus
1211 1292 1308 1346 iam,
1338 1305 1392 1333 an
1422 1306 1529 1346 quae

270 1351 395 1403 rapta
433 1351 513 1403 est,
551 1349 661 1391 mori
696 1352 911 1404 raptorem
947 1350 1141 1391 voluerit.
1214 1349 1365 1404 plusne
1407 1349 1529 1390 vobis

270 1407 495 1461 videretur,
523 1407 694 1461 iudices,
720 1408 756 1448 si
782 1408 892 1462 apud
911 1408 1211 1462 magistratum
1238 1408 1381 1449 locuta
1406 1410 1530 1459 esset,

271 1479 399 1520 quam
437 1465 548 1520 quod
585 1465 638 1507 ad
674 1466 974 1520 magistratum
1011 1466 1154 1507 venire
1183 1479 1270 1507 non
1301 1479 1404 1507 ausa
1435 1464 1528 1506 est?

272 1523 382 1576 quod
415 1523 560 1565 oculos
594 1538 692 1566 suos
725 1524 947 1565 ostendere
979 1523 1359 1576 circumstantibus,
1391 1526 1529 1565 osten-

273 1580 370 1622 dere
402 1581 487 1622 luci
517 1595 602 1622 non
634 1582 873 1636 potu[er]it‚
903 1581 998 1635 ipsa
1029 1596 1103 1623 sua
1134 1596 1262 1623 manu
1292 1581 1424 1622 vitam
1453 1581 1529 1622 mi-

274 1652 367 1680 sera
397 1638 567 1692 finivit?
604 1639 657 1680 da
688 1639 815 1680 vires:
849 1639 1012 1680 occidet
1043 1639 1175 1693 prius,
1213 1653 1322 1693 quae
1354 1642 1529 1692 propter

268 1696 378 1739 hanc
409 1697 608 1738 iniuriam
639 1697 760 1751 perit.
804 1696 979 1738 dubium
1011 1700 1075 1738 est
1106 1697 1278 1750 scilicet,
1311 1696 1412 1750 quid
1442 1696 1527 1737 fac-

366 1815 383 1845 1
411 1810 536 1855 *quod
561 1814 653 1844 ABG
671 1813 683 1855 ΙΙ
702 1815 721 1846 3
749 1811 793 1846 (18
819 1821 884 1846 om.
904 1815 929 1844 P
948 1811 959 1855 ΙΙ
979 1815 1000 1845 4
1024 1810 1083 1845 vel
1108 1822 1142 1846 n.
1169 1820 1200 1846 o.
1226 1822 1261 1844 u.
1287 1820 1318 1844 o.
1344 1821 1379 1844 u.
1399 1821 1428 1844 c.
1448 1810 1473 1845 l.
1494 1811 1528 1844 h.

259 1858 294 1901 «f.
321 1870 355 1893 u.
383 1857 417 1892 d.
443 1869 469 1891 r.
497 1870 523 1892 s.
551 1870 584 1892 v.
611 1860 738 1902 raptae
763 1868 829 1892 om.
855 1861 908 1891 Aa
943 1859 955 1901 ΙΙ
992 1861 1010 1892 7
1037 1856 1209 1892 accedere
1234 1859 1263 1890 A
1293 1858 1304 1902 11
1340 1860 1361 1892 8
1386 1858 1531 1901 raptam

271 1908 297 1938 B
321 1905 333 1949 ΙΙ
361 1905 507 1939 obortet
531 1907 599 1947 Aa,
626 1906 770 1948 oportet
794 1907 851 1938 Bc
876 1905 886 1948 11
914 1908 956 1938 10
982 1903 1152 1938 miseram
1178 1901 1300 1938 effecit
1323 1905 1366 1946 Β,
1398 1902 1531 1937 misera

272 1951 329 1986 eff.
355 1955 378 1984 c
397 1951 408 1995 ΙΙ
430 1954 471 1985 11
498 1951 644 1995 oportet
668 1953 694 1984 13
726 1952 737 1996 Η
770 1954 811 1986 13
837 1949 994 1995 raptoris
1020 1949 1070 1984 ud
1094 1949 1189 1985 velle
1214 1952 1262 1991 A,
1286 1951 1412 1994 raptor
1437 1948 1468 1982 si
1492 1949 1531 1983 id

271 1996 336 2032 ille
361 1996 459 2032 velle
483 1999 509 2030 B
529 1998 539 2041 ΙΙ
561 2001 604 2032 14
628 1998 838 2032 valetunem
863 2000 892 2030 A
911 1999 922 2042 Η
943 2000 984 2032 15
1010 1997 1178 2041 receptae
1197 1998 1254 2029 Bc
1273 1997 1284 2041 ΙΙ
1302 2000 1344 2031 ut
1363 2006 1407 2030 83.
1425 1995 1531 2030 educi

271 2047 318 2087 A,
350 2045 392 2078 ut
415 2045 453 2078 te
480 2054 524 2078 ea
549 2043 633 2079 duci
657 2046 702 2086 Β,
733 2046 775 2078 ut
799 2043 930 2078 deduci
955 2047 977 2077 c
1005 2044 1016 2087 11
1046 2046 1087 2077 16
1113 2041 1230 2086 aliqui
1253 2045 1283 2076 A
1307 2043 1318 2087 fl
1346 2052 1389 2077 ea
1411 2046 1438 2076 P
1455 2043 1466 2085 ΙΙ
1488 2045 1529 2076 17

272 2088 510 2136 oporte<bi>t
534 2089 591 2125 Ro
628 2091 639 2134 ΙΙ
678 2094 719 2124 19
746 2091 931 2134 oporteret
961 2093 1019 2122 Ac
1056 2090 1067 2133 ΙΙ
1104 2092 1148 2123 20
1179 2088 1252 2124 vid.
1277 2089 1402 2123 tamen
1425 2090 1530 2130 ABG,

272 2147 362 2172 corr.
387 2137 444 2171 Ro
463 2137 474 2180 Η
494 2140 537 2170 23
565 2136 662 2180 quod
681 2141 764 2180 post
790 2147 899 2180 quam
926 2147 991 2171 om.
1013 2138 1039 2168 B
1059 2136 1069 2179 ΙΙ
1088 2135 1168 2169 lusa
1191 2138 1254 2178 Aa,
1280 2145 1389 2169 causa
1412 2137 1437 2167 P
1456 2134 1467 2178 ΙΙ
1487 2137 1530 2168 25

272 2183 489 2229 *potu[er]it
507 2184 517 2227 Η
542 2182 714 2218 miseram
739 2186 765 2215 P
791 2185 801 2227 ΙῙ
827 2187 870 2217 26
897 2181 1054 2227 puniunt
1078 2183 1173 2223 ΑαΒ,
1199 2180 1344 2224 punivit
1367 2183 1463 2222 Ab03
1490 2180 1531 2214 fi-

272 2229 382 2265 nierit
406 2229 475 2264 8811
494 2230 504 2272 ΙΙ
525 2229 659 2264 occidit
682 2232 740 2262 Bc
759 2229 770 2273 Η
790 2233 833 2263 27
858 2229 969 2273 periit
993 2228 1050 2263 Ro
1069 2230 1080 2273 ΙΙ
1099 2227 1162 2271 qui
1188 2230 1217 2260 A
