1604 2488
485 110 908 149 DECLAMATIONES.
935 110 1086 147 CCCVI.
1331 109 1416 152 199

129 223 442 268 concurrerunt
476 222 686 264 lateribus
719 220 859 263 nudis.
921 220 1070 263 omnia
1107 221 1157 262 tu
1188 219 1292 262 licet
1324 233 1418 261 cru-

131 283 288 326 deliter
319 281 644 338 excogitaveris,
674 280 872 323 fecerunt
904 282 1053 323 tamen
1086 279 1250 322 bonum
1276 293 1418 321 exem-

129 343 263 399 plum.

660 421 853 467 CCGVI.

190 508 476 563 Expositus,
510 507 705 560 negatae
736 505 911 550 matris
943 504 1138 560 nuptias
1170 504 1350 559 petens.
1447 514 1468 547 5

131 591 317 635 Maritus
361 605 542 648 peregre
585 590 864 646 proficiscens
914 589 1137 645 praecepit
1179 589 1322 643 uxori,
1372 590 1422 630 ut

251 654 425 707 partum
458 652 702 706 exponeret.
747 649 966 705 expositus
995 651 1061 691 est
1085 663 1204 704 puer.
1236 647 1421 690 maritus

250 724 432 766 peregre
477 724 608 753 uxore
646 709 804 752 herede
844 708 1038 752 decessit.
1108 710 1210 763 post
1247 710 1421 762 tempus

253 770 430 826 quidam
463 769 727 823 adulescens,
759 768 879 811 cuius
913 770 1034 810 aetas
1066 782 1163 810 cum
1189 766 1421 822 expositio-

250 830 320 871 nis
343 832 539 884 tempore
565 829 846 885 congruebat,
874 827 1018 884 coepit
1043 827 1184 869 dicere
1212 841 1258 869 se
1284 826 1422 868 filium
1452 836 1495 868 10

253 892 296 930 et
331 889 449 931 bona
494 888 579 931 sibi
624 887 855 930 vindicare.
930 887 1044 929 inter
1089 901 1234 928 moras
1272 885 1422 928 iudicii

253 948 366 990 bello
393 947 507 989 idem
534 947 785 989 adulescens
811 947 984 990 fortiter
1009 946 1126 988 fecit.
1166 946 1279 1000 petit
1304 959 1424 1000 prae-

251 1007 340 1049 mio
372 1007 548 1063 nuptias
582 1007 692 1061 eius,
732 1021 863 1063 quam
902 1008 1087 1048 matrem
1120 1005 1303 1059 dicebat,
1335 1019 1424 1046 ma-

252 1068 383 1109 nente
415 1066 562 1122 priore
591 1065 762 1109 iudicio.
795 1064 840 1109 C.
866 1065 919 1108 D.

550 1183 1002 1228 DEGLAMATIO.
1452 1191 1496 1224 15

205 1265 325 1311 ‘Non
366 1269 431 1311 ita
459 1268 544 1310 'me
588 1268 731 1324 prima
773 1268 895 1310 frons
941 1281 1095 1309 causae
1143 1265 1427 1308 callidissima

135 1328 326 1384 optionis
366 1327 644 1370 simulatione
677 1327 858 1383 decipit,
894 1329 944 1368 ut
976 1325 1129 1368 mulier
1159 1325 1246 1368 ista
1277 1325 1427 1367 matri-

133 1387 281 1431 monio
323 1387 526 1442 c[r]edat,
568 1387 683 1442 quod
720 1386 849 1429 hodie
886 1399 1012 1429 nemo
1044 1387 1232 1440 peteret,
1272 1385 1308 1426 si
1340 1398 1429 1426 non

136 1449 425 1490 recusaretur:
471 1446 580 1488 illud
625 1446 767 1501 magis
811 1459 981 1499 vereor,
1023 1459 1077 1486 ne
1122 1444 1306 1499 iuvenis,
1353 1443 1429 1498 qui

136 1507 229 1549 eius
279 1521 410 1562 quam
459 1507 644 1548 matrem
697 1519 790 1547 esse
842 1504 1013 1547 dicebat
1063 1503 1239 1558 nuptias
1290 1505 1427 1558 optat,
1454 1513 1501 1546 20

135 1565 336 1609 videatur
360 1565 471 1607 velle
498 1564 553 1607 ad
576 1579 728 1607 verum
753 1563 992 1619 pervenire,
1019 1577 1066 1605 ac
1091 1577 1168 1605 vos
1195 1562 1428 1605 latentium

133 1625 349 1668 natalium
375 1624 562 1667 credatis
591 1623 946 1679 experimentum,
979 1622 1094 1678 quod
1119 1622 1287 1678 mulier,
1319 1636 1428 1677 quae

132 1686 236 1741 post
274 1684 485 1726 amissum
523 1684 730 1726 maritum
768 1698 846 1738 per
883 1685 952 1725 tot
984 1696 1139 1737 annos,
1180 1682 1254 1737 qui
1285 1681 1428 1723 facere

134 1745 340 1801 poterant
383 1743 437 1785 ab
482 1742 670 1785 infantia
707 1743 851 1785 virum
883 1742 1062 1793 fortem,
1106 1742 1167 1784 sic
1200 1741 1428 1796 complexa

134 1805 200 1846 est
244 1802 503 1845 viduitatem
547 1804 774 1858 tamquam
826 1815 964 1858 genus
1009 1800 1263 1856 pudicitiae,
1314 1800 1430 1842 hunc
1457 1809 1501 1842 25

132 1862 312 1918 iungere
357 1861 441 1904 sibi
484 1876 641 1904 venere
681 1876 778 1904 sera
816 1864 860 1904 et
897 1861 1092 1916 polluere
1131 1860 1429 1915 complexibus

132 1936 222 1965 non
257 1921 353 1964 vult
388 1921 471 1963 filii
509 1922 596 1976 sui,
636 1922 674 1963 si
711 1921 910 1975 vixisset,
949 1922 1150 1962 aetatem.
1212 1919 1430 1975 Intellego

133 1981 298 2036 itaque,
330 1995 423 2022 >non
462 1982 555 2022 tam
587 1980 727 2022 multa
760 1979 869 2022 mihi
906 1982 1060 2022 contra-
1090 1978 1337 2034 praemium
1370 1978 1431 2019 di-

134 2039 282 2095 cenda,
326 2054 458 2095 quam
490 2041 640 2081 contra
673 2041 996 2095 argumentum:
1036 2038 1098 2080 sic
1130 2037 1431 2093 componenda

133 2099 249 2142 actio
289 2102 372 2154 est,
409 2100 635 2154 tamquam
672 2112 752 2140 nos
794 2098 973 2140 audiant
1004 2097 1166 2140 iudices
1198 2097 1279 2140 illi.
1341 2111 1429 2139 non
1456 2106 1503 2138 30

232 2219 251 2250 1
279 2214 421 2261 omnia]
449 2215 511 2250 era
537 2218 563 2248 P
594 2215 605 2259 ll
637 2215 679 2249 tu
705 2224 772 2249 om.
797 2217 824 2248 B
856 2215 867 2260 ss
900 2217 920 2249 5
947 2215 1109 2259 negante
1135 2217 1191 2248 Aa.
1209 2215 1221 2259 ss
1244 2217 1285 2248 18
1314 2213 1432 2249 credit

134 2264 200 2306 Aa,
226 2262 355 2297 credat
380 2265 481 2305 AbB,
506 2273 598 2298 corr.
629 2261 714 2297 Obr.
741 2263 752 2307 ss
777 2260 854 2296 illis
879 2265 910 2295 A
940 2263 952 2306 ΙΙ
983 2266 1028 2296 21
1056 2262 1104 2296 ad
1129 2264 1176 2305 A,
1203 2263 1243 2296 at
1268 2264 1312 2303 Β,
1341 2271 1432 2295 corr.

137 2309 212 2343 Aer
230 2309 243 2354 ΙΙ
262 2313 307 2344 27
321 2310 516 2355 aequalem
530 2309 588 2344 Ro
608 2311 619 2354 Η
639 2312 684 2344 28
699 2308 896 2344 dicendam
911 2311 938 2342 B
958 2309 969 2354 ΙΙ
990 2313 1035 2344 30
1050 2308 1116 2344 alii
1129 2309 1218 2353 Aer,
1232 2309 1296 2352 efs.
1312 2310 1432 2351 2043
