1578 2470
466 80 890 118 DECLAMATIONES.
918 79 1118 116 CCCXLV.
1347 79 1431 122 361

569 188 1014 233 DECLAMATIO.

234 272 360 323 Quod
402 274 591 328 primum
629 272 714 316 dici
752 275 924 328 oportet
961 287 1039 328 pro
1079 287 1148 326 eo,
1193 272 1268 327 qui
1311 286 1431 327 prae-

142 332 279 375 mium
316 333 447 387 petit:
486 332 644 375 occidit
683 336 931 388 tyrannum.
994 346 1098 374 num
1131 331 1324 374 dubitari
1356 346 1433 387 po-

140 392 259 434 test?
300 407 405 434 num
436 392 488 435 de
519 392 603 435 1100
635 391 973 435 controversiam
1005 391 1141 433 ullam
1174 391 1331 433 saltem
1364 391 1434 433 ad-

144 452 362 494 versarius
395 451 571 494 movet?
612 451 845 494 viderimus
879 465 995 507 ergo,
1028 465 1138 506 quae
1171 451 1229 492 sit
1260 465 1431 505 compa-

144 511 259 554 ratio
291 511 516 567 utriusque
542 511 814 553 meritorum:
845 511 1034 565 interim,
1068 510 1241 552 etiamsi
1267 510 1435 553 maiora

145 570 235 613 sint
272 570 439 626 divitis,
481 571 569 613 alia
601 573 713 614 sunt.
776 570 834 612 sit
871 570 944 612 ille
987 570 1177 626 optimus
1209 570 1334 625 civis,
1379 569 1436 611 sit

142 630 323 686 egregie
355 630 407 672 de
438 645 484 672 re
516 630 690 685 publica
722 630 919 672 meritus:
950 629 1022 671 hic
1052 629 1329 684 tyrannicida
1355 631 1433 672 est.

139 688 273 731 hodie
305 703 434 744 porro
469 689 520 732 de
552 704 601 732 eo
634 689 828 744 praemio
863 688 1177 743 contendimus,
1219 688 1334 744 quod
1365 688 1434 730 lex

144 748 445 803 tyrannicidae
490 749 727 791 constituit.
795 749 868 790 isti
912 748 1116 802 fortasse,
1161 748 1276 803 quod
1319 747 1434 802 fecit,

144 807 421 862 profuturum
466 808 541 863 sit,
585 822 681 850 cum
727 810 847 863 petet
890 807 1215 863 magistratum:
1260 807 1435 849 interim

146 881 226 909 vos
260 867 314 909 ad
344 867 427 910 hoc
453 868 533 922 1118,
565 867 618 909 ad
643 867 756 910 hanc
781 867 925 923 legem
952 867 1226 922 consedistis3
1259 866 1434 909 interim

147 939 240 968 rem
279 926 499 982 publicam
544 926 633 981 hic,
677 941 756 982 pro
798 941 882 982 quo
919 927 1094 981 loquor,
1138 926 1283 968 verbis
1324 926 1434 981 legis

147 985 352 1040 appellat.
414 988 458 1027 et
494 985 602 1027 mihi
646 986 752 1028 satis
786 988 879 1028 erat
910 985 994 1027 1100
1027 985 1138 1040 apud
1171 999 1248 1028 vos
1283 984 1434 1040 adpro-

142 1044 287 1100 basse,
332 1044 370 1086 si
412 1047 586 1088 tantum
625 1045 675 1087 de
716 1059 765 1088 eo
805 1048 1102 1100 quaereretur,
1147 1059 1202 1086 an
1239 1045 1434 1100 accipere

138 1103 254 1146 hunc
285 1106 497 1159 oporteat.

233 1161 317 1205 Sed
356 1166 568 1219 quatenus
608 1164 653 1206 in
692 1164 805 1206 hanc
850 1164 1172 1206 contentionem
1216 1164 1434 1206 descendi-

142 1236 258 1276 111118,
289 1222 531 1278 videamus,
568 1238 652 1278 quo
685 1223 814 1266 modo
849 1238 893 1265 80
925 1222 1244 1278 tyrannicidam
1276 1223 1436 1265 efficiat

144 1280 417 1324 adversarius
455 1285 618 1325 noster.
680 1283 732 1324 de
769 1282 972 1324 libertate
1003 1282 1172 1337 patriae
1204 1282 1433 1337 cogitavit:

142 1340 334 1383 nondum
371 1341 707 1397 tyrannicidium
746 1343 822 1384 est.
879 1342 1080 1383 hortatus
1121 1344 1187 1383 est
1232 1341 1433 1396 aliquem,

141 1399 369 1455 pecuniam
401 1400 536 1455 dedit,
578 1401 726 1443 omnia
756 1400 876 1455 fecit,
915 1403 963 1442 ut
994 1400 1065 1443 hic
1096 1401 1433 1456 tyrannicidium

146 1458 324 1502 faceret:
371 1459 511 1502 simile
552 1474 640 1503 esse
675 1460 758 1502 hoc
795 1459 1089 1515 tyrannicidio
1128 1463 1176 1502 ut
1214 1460 1434 1515 confitear,

144 1518 227 1561 hoc
265 1519 362 1575 ipso
401 1521 550 1562 tamen
588 1521 787 1575 apparet,
832 1519 949 1561 aliud
992 1534 1102 1574 esse,
1143 1519 1259 1575 quod
1292 1519 1433 1562 simile

145 1580 221 1620 est.
285 1578 380 1634 quis
420 1581 565 1621 autem
597 1579 719 1621 vobis
752 1579 968 1634 permittit
998 1579 1208 1621 inclinare
1239 1579 1358 1635 leges
1391 1581 1433 1620 et

143 1637 239 1680 iura
269 1637 535 1680 transferre?
586 1638 824 1680 constituta
855 1641 957 1680 sunt
990 1638 1141 1694 semel,
1179 1638 1302 1680 finita
1334 1642 1434 1680 sunt

143 1696 232 1739 suis
275 1697 454 1752 finibus,
499 1697 587 1739 suis
631 1698 776 1740 verbis
816 1698 1103 1740 continentur.
1167 1700 1210 1739 et
1247 1697 1433 1740 fortasse

144 1755 438 1812 <ut>cumque
469 1757 696 1799 tolerabile
724 1760 838 1799 esset
863 1757 1023 1813 quaeri,
1056 1772 1111 1800 an
1135 1771 1215 1812 pro
1240 1757 1434 1812 tyranni-

144 1815 256 1858 cidio
293 1814 455 1858 habere
495 1816 710 1859 deberetis
749 1817 1040 1871 voluntatem,
1086 1817 1121 1859 si
1159 1816 1432 1871 tyrannicida

243 1935 264 1966 3
291 1932 412 1968 occidi
436 1935 463 1966 Β
483 1933 495 1976 ΙΙ
514 1936 536 1967 4
562 1933 695 1968 saltem
722 1944 788 1969 om.
801 1936 828 1967 Β
849 1935 860 1979 ΙΙ
880 1937 900 1968 6
923 1933 992 1968 etsi
1011 1936 1038 1966 B
1058 1934 1070 1977 ΙΙ
1091 1937 1109 1967 7
1131 1933 1218 1967 sunt
1237 1935 1312 1976 ΔΒ,
1340 1943 1432 1968 corr

145 1978 204 2015 Ro
222 1980 235 2026 ΙΙ
254 1979 307 2014 810
331 1978 398 2014 1110
423 1982 450 2013 Β
469 1981 482 2025 ΙΙ
501 1984 522 2015 8
548 1980 702 2025 egregia
726 1981 835 2015 edere
861 1981 1108 2025 praemeritus
1133 1982 1160 2013 B
1192 1980 1203 2025 [Ι
1237 1983 1280 2015 10
1305 1981 1433 2025 tyran·

144 2026 293 2062 nicidea
317 2029 361 2070 B,
394 2027 645 2072 tyrannicidia
668 2030 694 2060 P
713 2028 725 2072 ΙΙ
743 2027 826 2062 istis
851 2030 878 2061 Β
897 2029 910 2072 ΙΙ
931 2032 973 2062 11
1008 2039 1075 2073 pro
1109 2027 1319 2063 futurorum
1348 2028 1433 2073 Δο44

146 2085 263 2121 magg
299 2077 364 2108 ΔΒ
401 2074 413 2119 ΙΙ
453 2078 495 2109 13
534 2075 736 2120 proloquor
760 2078 830 2117 Aa,
865 2086 1049 2120 provocor
1079 2077 1106 2108 B
1137 2075 1150 2120 ss
1183 2078 1226 2110 14
1252 2061 1434 2120 appareat

143 2123 171 2156 Β
190 2122 202 2167 ΙΙ
224 2125 267 2158 15
292 2121 465 2167 decipere
483 2124 510 2155 Β
530 2122 542 2167 ΙΙ
563 2125 702 2157 17—18
728 2123 1022 2168 conteptionem
1032 2121 1281 2158 discendimus
1307 2125 1338 2156 Δ
1355 2124 1368 2167 ΙΙ
1390 2125 1432 2157 18

142 2181 344 2228 quomodo]
373 2181 446 2226 quo
470 2184 497 2215 Β
516 2183 529 2225 ΙΙ
549 2193 587 2217 80
613 2192 679 2218 om.
706 2184 775 2225 Aa,
803 2181 833 2217 si
858 2185 885 2216 Β
906 2183 918 2228 ss
940 2187 981 2217 19
1008 2185 1052 2218 nt
1075 2185 1121 2226 A,
1155 2194 1201 2217 nr
1225 2185 1252 2216 Β
1271 2182 1283 2227 ΙΙ
1303 2186 1347 2217 22
1376 2184 1433 2217 est

141 2231 224 2273 ΔΒ,
257 2239 347 2265 corr.
375 2230 449 2264 Aer
474 2230 487 2274 ΙΙ
512 2233 558 2264 24
584 2229 674 2273 quid
699 2232 726 2263 B
746 2231 757 2275 ΙΙ
777 2233 822 2264 25
847 2229 995 2265 fininita
1021 2233 1050 2264 Δ
1069 2231 1080 2276 ΙΙ
1100 2234 1145 2265 27
1171 2230 1431 2278 <ut>cumque

141 2275 218 2311 Aer
235 2276 249 2320 ΙΙ
268 2276 410 2320 quiaeri
435 2279 465 2310 Δ
485 2277 496 2321 ΙΙ
516 2280 561 2312 28
587 2276 776 2312 haberetis
802 2277 874 2313 vol.
902 2280 955 2313 Aa

1459 460 1480 492 5

1462 758 1507 790 10

1462 1055 1506 1087 15

1460 1352 1505 1384 20

1460 1649 1504 1681 25
