1578 2470
156 733 198 764 10

153 1022 195 1053 15

153 1335 196 1366 20

149 1693 192 1724 25

226 96 313 138 350
705 94 1002 138 QUINTILIANI

225 202 352 244 minis
387 202 529 256 aliqua
559 216 636 256 pro
668 202 811 243 liberis
844 202 1048 256 egissent:
1080 204 1123 243 et
1152 202 1246 244 ideo
1276 203 1486 245 adiectum

226 263 293 302 est
322 260 367 301 in
398 260 512 315 lege,
552 260 662 314 »qui
704 260 972 301 voluntate
1011 259 1199 301 domini
1240 260 1292 301 in
1326 261 1483 302 liber-

224 320 335 359 tate
372 317 569 360 fuerit«.
640 331 740 372 ergo
780 318 907 359 etiam
950 317 1085 359 invito
1129 317 1299 360 domino
1341 321 1487 372 potest

225 375 377 430 aliquis
417 389 509 416 esse
549 375 594 416 in
623 375 842 428 libertate,
885 375 1022 416 invito
1055 378 1196 416 autem
1226 389 1312 417 non
1342 379 1486 430 potest

226 447 317 475 esse
354 433 471 474 liber.
533 433 648 475 aliud
687 435 752 475 est
783 433 827 474 in
858 433 1057 475 libertate
1089 447 1197 488 esse,
1234 433 1348 475 aliud
1379 434 1484 475 libe-

226 506 320 532 rum
352 505 455 532 esse.

313 548 434 590 Hanc
477 549 625 603 igitur,
669 549 719 590 de
752 563 835 603 qua
866 548 1099 603 quaeritur,
1142 548 1234 590 dico
1265 549 1484 591 voluntate

224 609 299 648 tua
334 607 468 648 fuisse
499 607 543 647 in
574 607 785 648 libertate.
844 606 924 648 hoc
956 606 1166 661 quomodo
1197 606 1360 661 probo?
1401 620 1483 661 quo

223 679 307 706 uno
345 665 517 718 probari
555 666 713 718 potest:
755 665 856 706 fecit
893 664 1053 719 aliquid
1089 667 1307 718 tamquam
1337 664 1484 706 libera..

222 721 424 764 Nondum
444 722 549 777 dico,
569 723 620 763 ad
639 722 803 777 piratas
828 723 1038 776 pervenit3
1062 722 1280 764 dissimulo
1306 725 1348 764 et
1367 722 1485 775 illud,

224 795 308 835 qua
345 794 472 822 causa
508 780 693 822 volueris
734 795 826 822 eam
857 781 902 821 in
933 780 1129 822 libertate
1162 794 1270 822 esse:
1312 780 1484 822 interim

223 839 301 890 [et]
340 839 504 880 volente
541 841 583 879 te
623 841 664 880 et
701 841 918 893 spectante
957 838 1108 880 habitu
1138 840 1361 880 matronae
1391 837 1484 879 fuit.

221 896 303 938 hoc
343 896 448 938 satis
486 899 595 951 erat,
638 897 807 938 etiamsi
843 899 992 950 postea
1021 896 1140 938 nulla
1171 898 1312 938 essent
1342 909 1485 938 consc-

222 956 329 996 cuta.
381 968 435 995 an
467 968 566 996 vero
598 955 734 995 maius
765 954 810 995 in
839 954 920 996 hoc
951 957 1151 1010 putamus
1184 967 1275 995 esse
1300 967 1483 995 momen-

220 1015 325 1067 tum,
356 1014 404 1052 ut
435 1012 778 1054 circumverteres
810 1012 1071 1066 mancipium
1104 1014 1177 1052 aut
1208 1011 1244 1052 si
1274 1025 1358 1052 una
1381 1024 1483 1053 voce

220 1070 402 1112 liberum
429 1084 518 1112 esse
544 1070 731 1124 iusseris,
764 1084 890 1124 quam
917 1070 951 1111 si
975 1069 1171 1111 habitum
1195 1069 1370 1123 dederis,
1396 1071 1480 1110 sto—

219 1129 307 1169 lam
339 1127 532 1169 dederis?
564 1128 675 1182 quod
708 1142 762 1169 ne
791 1127 1062 1169 manumissis
1089 1127 1258 1180 quidem
1285 1126 1480 1168 omnibus

221 1185 506 1240 conti<n>git.

710 1253 994 1308 <SERMO.>

311 1323 404 1366 Hoc
435 1323 529 1366 loco
560 1324 663 1378 poni
697 1324 806 1366 solet
836 1323 957 1365 illud:

608 1437 1102 1494 <DECLAMATIO>

307 1508 445 1564 „Num
471 1510 606 1564 igitur
637 1510 673 1551 si
703 1510 747 1550 in
774 1523 968 1551 scaenam
993 1509 1148 1550 misero
1175 1511 1218 1550 et
1241 1508 1361 1550 mimi
1386 1523 1479 1563 par-

218 1567 346 1621 tibus,
379 1571 600 1622 tamquam
630 1570 837 1620 matrona,
866 1567 1132 1621 processerit,
1162 1567 1319 1620 poterit
1349 1567 1482 1609 videri

219 1639 314 1666 mea
339 1626 559 1668 voluntate
583 1626 628 1666 in
652 1626 850 1667 libertate
876 1625 1021 1667 esse‘?“
1050 1639 1135 1667 non
1162 1627 1227 1666 est
1250 1625 1332 1667 hoc
1351 1639 1479 1679 porro

220 1683 375 1724 simile:
413 1698 514 1724 nam
556 1684 651 1736 ipsa
694 1683 840 1724 statim
884 1697 1037 1724 scaena
1072 1697 1162 1724 rem
1198 1683 1342 1724 fictam
1387 1695 1478 1724 esse

218 1743 411 1783 testatur.
474 1741 586 1782 stola
621 1741 693 1781 illa
735 1740 887 1782 mimae
927 1740 1025 1794 erit,
1064 1754 1150 1781 non
1181 1739 1376 1782 hominis.
1437 1743 1481 1781 at

221 1799 365 1840 eadem
398 1799 432 1840 si
463 1799 543 1840 hoc
572 1799 723 1839 habitu
754 1801 874 1840 extra
905 1812 1100 1840 scaenam
1131 1798 1259 1840 fuerit
1286 1798 1398 1839 etin
1423 1797 1478 1839 ci-

219 1857 395 1898 vitatem
433 1857 704 1910 processerit:
748 1856 892 1898 eadem
928 1856 1020 1909 illa,
1058 1870 1165 1910 quae
1202 1855 1312 1897 solet
1346 1856 1478 1896 mima

219 1929 328 1967 esse,
372 1914 652 1956 nihilominus
683 1914 762 1956 erit
792 1911 837 1955 in
866 1915 955 1956 iure
985 1914 1213 1955 libertatis,
1273 1927 1374 1968 ergo
1405 1913 1478 1955 ha-

313 2009 332 2040 2
360 2016 432 2050 quo
457 2008 483 2039 B
502 2006 513 2049 ΙΙ
533 2009 554 2040 4
580 2015 658 2040 esse
684 2005 817 2049 aliquis
841 2008 866 2038 B
886 2006 937 2050 118
963 2015 1042 2040 esse
1067 2007 1096 2038 Δ.
1115 2006 1126 2050 ΙΙ
1152 2008 1194 2039 12
1221 2004 1290 2050 [et]
1317 2003 1375 2039 Ro
1392 2004 1406 2048 ΙΙ
1424 2003 1476 2038 vi·

218 2051 327 2087 dente
354 2055 430 2095 AB,
457 2062 546 2087 corr.
571 2051 629 2087 Ro
653 2052 715 2095 ess.
742 2054 825 2094 351,
845 2054 914 2094 21‚·
939 2062 988 2086 am
1010 2050 1192 2086 *iubente
1218 2050 1267 2095 (ἓ)
1286 2049 1298 2094 ΙΙ
1318 2054 1362 2085 14
1385 2060 1476 2084 mo-

216 2110 252 2132 m
268 2099 382 2133 entfi
407 2101 437 2132 A
461 2099 472 2143 ΙΙ
499 2102 540 2133 18
568 2096 803 2144 conti<n>git
820 2099 895 2132 Aer
920 2099 932 2142 ΙΙ
962 2101 1096 2132 19-21
1122 2095 1316 2144 (Sermo.)
1339 2096 1374 2131 h.
1394 2095 1418 2131 l.
1439 2107 1474 2140 p.

217 2157 244 2181 s.
264 2144 286 2179 i.
301 2145 599 2190 <Declamatio.>
615 2144 665 2179 Pi
682 2145 694 2189 ΙΙ
713 2148 757 2179 24
782 2143 992 2179 libertatem
1010 2147 1036 2177 B
1056 2145 1066 2188 ΙΙ
1085 2147 1129 2178 26
1154 2142 1258 2177 mimi
1281 2145 1360 2188 AB,
1385 2151 1475 2177 corr.

220 2190 275 2226 ἂν
310 2192 322 2236 ΙΙ
359 2191 406 2225 ad
431 2194 514 2233 AB,
546 2202 635 2226 corr.
661 2192 736 2226 Aer
770 2192 783 2235 u
819 2194 958 2226 27-28
984 2190 1133 2226 civitate
1157 2192 1186 2223 A
1211 2192 1243 2224 et
1267 2190 1343 2225 edd.
1380 2189 1393 2234 ΙΙ
1428 2191 1473 2223 28

217 2238 355 2272 mima
381 2241 409 2271 A
429 2239 439 2282 ΙΙ
457 2238 610 2272 minima
634 2240 660 2270 B
