1586 2476
459 127 883 178 DECLAMAHONES.
910 127 1063 164 CCLIX.
1354 121 1412 168 55

260 305 447 364 Pauper
478 236 1024 362 naufragassLlliffgratQ
1058 306 1281 352 maritus·

127 392 260 436 Dives
293 406 391 435 cum
423 393 560 435 amico
593 406 780 447 paupere
811 394 855 434 et
886 391 977 434 filia
1006 391 1259 447 navigabat.
1309 406 1415 434 nau-

247 451 437 508 fragium
468 451 588 507 fecit3
621 451 776 494 extulit
806 451 943 493 filiam
963 451 1110 494 divitis
1130 465 1305 506 pauper.
1348 466 1416 493 ru-

249 526 345 554 mor
377 514 481 567 erat,
514 525 608 554 eam
638 514 873 566 nupturam
899 510 1069 553 cuidam
1093 510 1232 553 nobili
1256 510 1414 553 iuveni.
1442 519 1462 551 5

250 570 437 626 quodam
484 573 681 626 tempore
729 572 774 613 in
823 569 951 612 domo
1002 569 1150 613 divitis
1201 570 1416 612 tumultus

247 630 351 672 fuit:
394 630 562 672 inventi
599 632 699 672 sunt
743 644 828 672 una
871 644 1036 686 pauper
1074 632 1118 672 et
1155 629 1316 684 puella3
1362 629 1416 672 ab

248 691 431 745 utroque
474 689 637 732 dictum
675 692 743 732 est
779 688 980 732 vitiatam
1017 688 1220 744 puellam.
1287 689 1417 744 impe-

248 748 363 791 ravit
399 748 515 791 filiae
553 749 691 803 dives,
728 751 777 790 ut
808 748 984 803 nuptias
1017 751 1202 804 optaret.
1264 748 1418 791 educta

249 808 304 851 ad
329 808 635 864 magistratum
662 808 842 863 optavit.
880 810 1032 863 postea
1051 807 1263 863 comperit
1282 807 1416 861 dives,
1445 816 1489 848 10

248 881 334 910 non
369 881 462 910 csse
492 868 694 910 vitiatam
724 867 928 922 puellam.
977 867 1175 922 imperat,
1207 870 1256 909 ut
1286 867 1416 909 relin-

249 930 356 982 quat
398 941 647 982 pauperem3
692 926 914 969 nolentem
953 926 1192 981 relinquere
1232 926 1417 969 abdicat.

654 1043 884 1088 SERMO.

218 1127 271 1170 In
308 1127 509 1171 omnibus
551 1127 723 1183 quidem
767 1127 1054 1170 abdicationis
1099 1128 1419 1181 controversiis,

129 1190 344 1244 quatenus
394 1201 475 1243 pro
526 1187 674 1230 liberis
718 1186 919 1242 dicimus,
970 1187 1202 1230 summissa
1246 1187 1421 1230 debebit
1450 1196 1491 1229 15

128 1260 225 1291 esse
264 1247 397 1302 actio,
440 1250 485 1289 et
522 1246 812 1289 satisfactioni
850 1247 1017 1289 similis.
1078 1246 1130 1289 In
1163 1246 1243 1289 hac
1273 1249 1422 1289 tamen

128 1307 426 1350 controversia
461 1306 578 1348 istud
617 1306 842 1362 aliquanto
878 1305 1019 1362 magis
1052 1305 1309 1348 servandum
1341 1308 1419 1348 est.

129 1379 232 1408 nam
265 1368 309 1408 et
339 1365 432 1408 filia
464 1368 547 1419 est,
586 1379 695 1420 quae
727 1365 971 1419 abdicatur,
1009 1367 1052 1407 et
1082 1364 1154 1407 hic
1186 1367 1311 1421 pater
1343 1365 1421 1407 ali-

131 1424 237 1481 quid
274 1425 407 1467 etiam
444 1424 547 1466 boni
589 1428 633 1467 et
670 1424 892 1466 clementis
930 1424 1011 1466 viri
1048 1423 1170 1472 fecit,
1209 1427 1253 1467 et
1294 1424 1421 1467 nobis

130 1483 412 1538 tutissimum,
443 1483 509 1525 uti
539 1483 620 1526 hac
654 1483 786 1526 etiam
818 1483 1027 1526 bonitate.
1449 1493 1493 1525 20

549 1599 1002 1644 DECLAMATIO.

221 1683 323 1728 Non
359 1684 531 1740 ignoro,
574 1683 756 1739 iudices,
798 1688 1009 1741 quantum
1047 1699 1203 1727 causae
1244 1688 1421 1728 nostrae

132 1743 276 1787 oneris
315 1742 491 1786 accedat
529 1757 581 1786 ex
611 1758 797 1799 persona
829 1744 1088 1796 abdicantis,
1126 1758 1214 1787 non
1244 1747 1424 1800 propter

132 1801 242 1845 illud
272 1816 511 1858 commune,
542 1802 656 1870 quod
687 1806 811 1858 pater
842 1806 924 1846 est:
957 1802 1031 1846 sed
1063 1803 1178 1859 quod
1209 1806 1333 1860 pater
1362 1804 1424 1846 in-

133 1861 509 1919 dulgentissimus,
557 1862 719 1905 amicus
771 1863 979 1919 optimus,
1029 1863 1202 1905 etiamsi
1246 1862 1417 1930 quando
1445 1873 1493 1904 25

133 1921 337 1964 iniuriam
357 1922 570 1977 accepisse
596 1921 778 1977 videtur,
804 1922 1075 1965 mitissimus.
1106 1922 1260 1978 Itaque
1285 1923 1423 1977 prius·

133 1994 265 2036 quam
291 1980 584 2024 defensionem
612 1956 941 2037 adgredimur,
928 1997 974 2023 m
995 1981 1078 2024 hoc
1104 1981 1422 2024 satisfaciemus

134 2039 280 2082 animo
312 2042 476 2096 nostro,
507 2043 556 2082 ut
588 2041 755 2095 gratias
787 2054 966 2097 agamus
1000 2043 1103 2083 ante
1135 2041 1281 2084 omnia
1305 2041 1423 2083 filiae

134 2100 322 2142 nomine.
375 2114 504 2155 quam
537 2099 599 2141 sic
633 2101 814 2155 amavit,
850 2103 900 2143 ut
933 2115 1028 2143 eam
1060 2099 1203 2143 diduci
1235 2115 1262 2142 a
1293 2115 1338 2143 se
1370 2115 1423 2143 ne

134 2158 418 2215 navigaturus
463 2159 635 2214 quidem
682 2158 885 2215 voluerit3
929 2160 996 2206 cui
1045 2160 1098 2202 ad
1141 2160 1424 2216 magistratus
1452 2172 1497 2204 30

234 2278 253 2310 7
280 2275 327 2310 ab
338 2285 419 2355 Bom.
446 2277 472 2308 B
504 2277 516 2321 11
548 2275 684 2311 vitiata
708 2276 836 2320 puella
861 2279 887 2310 B
918 2277 930 2321 11
964 2280 1008 2312 10
1034 2275 1258 2322 magistrum
1283 2279 1310 2309 P
1341 2278 1353 2322 u
1383 2279 1426 2311 16

138 2331 218 2357 esse
245 2332 311 2358 om.
