1578 2470
151 839 193 870 10

150 1129 190 1160 15

147 1419 191 1450 20

146 1835 189 1867 25

220 120 305 161 366
699 118 999 162 QUINTILIANI

221 226 292 268 sed
325 241 412 268 non
443 241 607 280 semper
639 226 838 280 sequendi
869 228 968 267 sunt
999 225 1186 268 adfectus
1219 228 1261 267 et
1289 227 1473 280 plerum-

221 298 300 338 que
341 284 564 326 eonsilium
606 284 674 325 his
722 284 1065 338 praeponendum
1109 286 1183 326 est.
1254 283 1323 326 hic
1361 285 1474 326 enim

219 345 360 396 pater,
402 343 482 384 etsi
513 357 659 383 revera
688 342 901 396 irascitur,
941 341 1208 383 dissimulare
1237 341 1317 384 hoe
1349 342 1474 383 debet

220 403 262 440 et
293 414 418 455 agere
450 400 614 454 mitem,
654 400 955 454 indulgentem.
1014 414 1113 440 nam
1145 413 1239 441 eum
1268 400 1474 454 praesori—

218 458 312 511 bat,
353 458 433 499 hoe
473 458 708 512 adprobare
740 458 864 499 debet
893 457 1119 511 iudicibus,
1162 457 1316 499 idcirco
1353 471 1472 512 prae-

220 516 403 557 scribere
436 531 492 570 se,
521 531 575 557 ne
604 531 698 558 eum
722 516 813 557 filio
840 516 1011 570 gravius
1038 515 1283 557 contendat:
1314 516 1474 570 alioqui

219 574 255 614 si
292 574 395 616 haee
427 589 554 616 eausa
584 574 898 628 praescribendi
929 588 1014 615 non
1046 576 1126 628 est,
1166 574 1389 628 supererit,
1426 576 1474 615 ut

219 631 455 674 diffidentia
485 633 675 674 videatur
706 633 751 673 in
783 647 919 673 causa.

638 747 1072 790 DECLAMATIO.

306 827 452 870 »Cum
483 831 626 883 patre
658 829 792 870 aetio
823 843 882 870 ne
914 844 1007 883 qua
1033 829 1118 883 sit,
1149 828 1249 870 nisi
1275 828 1475 870 demen-

217 886 361 927 tiae«
405 887 502 928 Alio
535 887 709 928 erimine
740 902 807 928 me
838 902 956 928 reum
981 887 1074 928 fieri
1099 886 1372 928 manifestum
1398 889 1474 928 est.

217 959 340 986 nemo
372 945 596 996 dubitabit,
627 946 730 999 quin
761 945 802 986 id
827 945 908 986 hae
932 946 1027 999 lege
1053 945 1299 998 non.]ieeat‚
1331 945 1367 986 si
1393 958 1471 1000 ego

216 1005 339 1056 pater
377 1017 480 1044 sum.
541 1002 676 1056 Atqui
711 1017 764 1043 ne
802 1003 851 1043 de
890 1018 938 1044 eo
977 1003 1144 1056 quidem
1182 1002 1368 1043 dubitari
1398 1017 1473 1056 po-

217 1060 330 1114 terit,
362 1060 464 1126 quin
495 1062 617 1114 pater
649 1060 739 1101 sim.
799 1075 853 1101 an
883 1060 964 1103 hoe
994 1074 1138 1115 negas,
1168 1075 1235 1101 me
1267 1074 1369 1113 esse,
1402 1060 1474 1114 qui

217 1118 448 1172 genuerim,
479 1119 550 1173 qui
581 1119 857 1172 educaverim,
889 1121 931 1160 et
962 1117 1029 1174 (ut
1054 1117 1226 1172 aliquod
1252 1131 1473 1172 argumen-

216 1179 308 1217 tum
340 1190 391 1217 ex
422 1190 471 1217 eo
502 1176 613 1242 ipso,
653 1177 764 1231 quod
800 1178 948 1218 contra
979 1190 1046 1217 me
1077 1176 1266 1230 ponitur,
1303 1175 1473 1230 ducam)

217 1248 283 1274 me
315 1247 418 1288 esse,
460 1234 532 1288 qui
563 1234 748 1275 dederim
780 1234 825 1274 in
856 1233 1153 1287 adoptionem?
1203 1233 1239 1274 si
1266 1233 1372 1275 haee
1402 1247 1473 1286 pa-

216 1306 311 1332 rum
342 1292 463 1333 firma
495 1294 605 1346 sunt,
644 1292 798 1347 lege[s]
830 1294 1144 1345 testamentum,
1176 1306 1258 1346 quo
1289 1293 1471 1333 tutorem

218 1350 436 1404 accepisti:
475 1352 697 1404 »patrem«
728 1350 808 1391 tibi
839 1352 1024 1392 tutorem
1056 1349 1182 1391 dedit.
1242 1349 1326 1390 Nec
1363 1348 1473 1390 enim

217 1407 356 1450 dando
389 1408 434 1449 in
467 1409 742 1462 adoptionem
773 1408 838 1449 ius
870 1422 993 1449 omne
1025 1408 1280 1449 translatum
1311 1408 1388 1448 est.

704 1534 1008 1578 GCCXLVII.

391 1615 596 1659 Absente
626 1617 800 1658 marito
830 1627 996 1658 rumor
1027 1615 1076 1658 et
1104 1615 1311 1669 nuptiae.

215 1698 511 1739 ADULTERUM
568 1709 660 1739 CUM
718 1709 968 1739 ADULTERA
1017 1707 1181 1738 LICEAT
1232 1707 1471 1738 OCGIDERE.

331 1755 450 1798 Uxor
479 1755 793 1810 peregrinantis
823 1755 966 1796 mariti
1004 1757 1187 1795 mortem
1210 1767 1379 1795 rumore
1407 1768 1472 1796 oo-

333 1815 495 1868 gnovit.
554 1813 676 1854 heres
714 1813 887 1855 inventa
917 1812 1065 1866 nupsit
1096 1811 1357 1854 adulescenti
1387 1812 1473 1853 eui-

333 1872 428 1913 dam
474 1874 515 1913 et
557 1871 728 1913 domum
770 1871 815 1912 in
858 1871 1000 1912 dotem
1044 1869 1170 1912 dedit.
1231 1869 1475 1923 supervenit

308 1991 330 2021 4
361 1997 492 2031 agere
523 1988 552 2019 A
582 1987 594 2030 ΙΙ
624 1985 766 2030 mitem]
799 1984 957 2020 invicem
981 1987 1007 2018 Β
1037 1985 1049 2030 ΙΙ
1081 1988 1101 2018 6
1126 1994 1193 2019 nec
1219 1981 1282 2028 qui
1305 1982 1382 2017 filio
1407 1986 1437 2016 Δ
1462 1982 1474 2029 Η

215 2037 233 2068 ’1
261 2045 296 2068 se
324 2036 363 2077 B,
388 2043 466 2068 sese
490 2035 515 2065 P
534 2033 546 2077 fl
565 2033 634 2066 hac
658 2035 684 2065 Β
709 2033 721 2076 ΙΙ
748 2035 789 2066 13
827 2033 932 2076 pater
969 2042 1047 2065 sum
1087 2041 1133 2064 an
1168 2030 1239 2065 hoc
1270 2040 1383 2074 negas
1414 2039 1472 2064 me

214 2090 293 2115 esse
320 2079 425 2124 atqui
449 2082 500 2112 Ba
517 2079 530 2123 ΙΙ
547 2089 592 2113 ne
618 2078 686 2113 deo
712 2081 764 2112 Aa
781 2079 794 2123 ΙΙ
814 2081 856 2112 16
876 2077 1018 2121 aliquid
1048 2079 1074 2110 Β
1105 2077 1116 2121 ΙΙ
1149 2080 1191 2111 18
1223 2075 1357 2122 1ege[s]
1387 2075 1472 2119 Obr,

213 2126 316 2171 legas
348 2127 422 2161 Aer
451 2127 464 2169 ss
497 2125 595 2178 quod
618 2127 645 2158 Β
675 2124 687 2169 ΙΙ
719 2128 760 2158 19
799 2126 838 2159 at
874 2127 952 2167 AB,
990 2134 1079 2159 corr.
1108 2123 1166 2158 Ro
1194 2124 1206 2166 ΙΙ
1238 2125 1324 2156 19-
1329 2125 1415 2163 20,
1419 2122 1475 2164 ‚at

214 2172 311 2207 enim
341 2172 373 2208 d.
400 2172 424 2207 i.
451 2183 490 2207 a.
508 2171 532 2208 i
559 2182 590 2206 ο.
617 2173 642 2206 t
670 2172 759 2206 estf‘
784 2174 846 2214 †..
863 2174 903 2214 .†
927 2170 1002 2205 Aer
1019 2172 1032 2214 ΙΙ
1059 2174 1103 2204 20
1129 2168 1327 2214 adoptione
1351 2170 1378 2201 Β
1396 2169 1409 2212 ΙΙ
1427 2171 1471 2202 22

213 2229 402 2254 rumorore
433 2218 585 2263 nuptiae
611 2221 662 2252 Aa
687 2219 699 2262 ss
730 2222 774 2252 24
807 2199 1050 2262 peregrinatis
1075 2219 1127 2249 Aa
1151 2216 1162 2259 ΙΙ
1192 2219 1236 2249 26
1262 2214 1409 2249 domum
1435 2216 1474 2250 et

218 2266 343 2300 dotem
369 2268 420 2298 Ab
