1604 2488
394 87 816 126 DECLAMATIONES.
842 86 1100 124 CCLXXXIV.
1301 86 1387 128 149

193 197 317 248 Quod
348 198 388 240 si
419 198 738 241 abdicationem
768 198 880 240 ferre
909 211 999 239 non
1016 198 1156 252 potes,
1186 195 1225 238 si
1244 209 1389 238 carere

102 257 343 300 hereditate
380 258 546 300 malum
577 257 761 300 iudicas:
789 256 1094 312 -deprehensus
1130 270 1195 311 es,
1231 255 1388 297 damno

102 317 311 372 pecuniae
349 317 538 360 moveris
575 318 619 360 et
654 317 914 359 detrimento
953 315 1114 358 famae:
1166 317 1210 357 et
1246 314 1391 369 homo,

103 375 178 431 qui
213 375 294 419 has
331 377 450 431 ipsas
489 391 593 432 opes
635 375 792 419 cotidie
829 376 1019 430 incusas,
1058 377 1207 417 tamen
1238 387 1391 416 concu-

103 435 248 490 piscis.
297 435 602 492 <in>dig[n]us
635 450 679 478 es
710 436 858 492 igitur.
905 449 1055 477 verum
1081 434 1297 477 fateamur
1322 447 1391 475 ea·
1417 443 1438 475 5

102 494 244 550 (que)
274 509 383 550 quae
410 495 633 550 sentimus,
663 509 744 538 nec
768 509 848 538 nos
874 497 997 536 extra
1021 508 1165 537 rerum
1190 495 1392 535 naturam

103 553 295 596 ambitus
333 557 479 610 ponat.
541 555 662 597 cuius
701 555 814 597 enim
854 556 920 597 est
950 553 1160 609 hominis,
1198 566 1392 609 pugnare

106 627 204 655 cum
236 614 430 656 moribus
463 617 507 656 et
537 613 745 656 damnare
777 613 852 656 se?

575 730 919 775 Gchxxlv.

505 802 712 846 Adulter
743 802 979 846 sacerdos.
1421 811 1464 843 10

104 882 351 927 SACERDOS
377 897 516 928 umus
550 897 786 929 SUPPLICIO
812 897 1073 927 LIBERANDI
1098 896 1286 927 HABEAT
1315 896 1392 927 Po-

223 955 480 986 TESTATEM.
513 955 788 988 ADULTEROS
812 955 980 987 LICEAT
1010 955 1260 987 OOCIDERE.
1293 943 1392 994 Qui-

222 1002 322 1044 dam
359 1004 628 1047 sacerdotem
671 1003 957 1059 deprehendit
998 1004 1045 1045 in
1093 1003 1306 1046 adulterio
1352 1006 1395 1046 et

221 1076 320 1104 eum
345 1062 431 1104 sibi
457 1077 507 1105 ex
534 1064 631 1118 lege
658 1063 950 1119 inpunitatem
976 1066 1199 1118 petentem
1225 1062 1393 1106 occidit.

222 1135 321 1164 reus
354 1125 422 1164 est
453 1122 608 1166 caedis,
921 1175 926 1179 ,
1421 1133 1463 1164 15

628 1240 860 1283 SERMO.

192 1311 262 1352 An
289 1311 489 1354 sacerdos
516 1311 656 1354 adhuc
681 1312 814 1354 fuerit
839 1311 1143 1367 deprehensus,
1169 1311 1214 1353 id
1234 1313 1312 1366 est,
1340 1326 1395 1353 an

104 1370 251 1425 (non)
273 1385 323 1412 eo
349 1374 584 1427 momento,
617 1385 701 1426 quo
730 1371 1018 1427 deprehensus
1052 1373 1129 1426 est,
1159 1370 1395 1426 perdiderit

106 1429 174 1471 ius
208 1429 474 1472 sacerdotis?
507 1445 563 1472 an
595 1431 632 1472 si
665 1429 805 1473 adhuc
838 1430 1036 1473 sacerdos
1066 1433 1171 1486 erat,
1201 1430 1396 1485 potuerit

104 1503 150 1532 se
193 1489 413 1544 postulare
458 1490 505 1531 in
540 1489 623 1546 boc
668 1490 875 1532 crimine?
931 1505 987 1531 an
1025 1493 1168 1544 optare
1210 1504 1393 1545 usquam
1421 1501 1465 1532 ‘20

101 1548 186 1590 nisi
217 1548 264 1590 in
294 1548 470 1603 publico
501 1548 654 1603 possit.

521 1665 973 1710 DEGLAMATIO.

194 1736 319 1787 Quod
355 1737 465 1780 mihi
498 1739 677 1782 sufficit:
710 1738 957 1782 adulterum
989 1739 1263 1795 deprehendi.
1324 1755 1395 1782 ne-

101 1811 183 1852 que
216 1796 331 1841 enim
361 1797 454 1840 ulla
485 1799 698 1854 excipitur
729 1813 929 1854 persona,
961 1801 1005 1841 et
1030 1800 1202 1855 turpius
1229 1802 1295 1842 est
1322 1800 1394 1842 ad—

98 1856 304 1898 ulterium
335 1856 382 1898 in
413 1857 648 1900 sacerdote.
1419 1869 1464 1900 25

197 1914 405 1971 „Legem,
438 1916 595 1972 inquit,
627 1916 822 1959 habuit.“
888 1917 983 1960 Hoc
1021 1918 1111 1960 tale
1151 1920 1237 1973 est,
1270 1919 1394 1973 quale

102 1973 139 2016 si
170 1974 342 2030 ignosci
373 1975 458 2018 sibi
488 1976 597 2018 velit
629 1977 713 2019 dux
743 1977 959 2032 proditor,
991 1977 1171 2020 vitiator
1201 1978 1394 2034 pupillae

197 2095 216 2126 1
242 2092 370 2137 potest
394 2094 425 2126 A
444 2093 456 2138 Η
475 2095 495 2127 2
522 2091 679 2127 malium
703 2095 734 2126 Δ
753 2093 764 2137 ΙΙ
784 2096 806 2128 5
825 2091 1095 2141 <in>dig[n]us
1109 2093 1168 2130 Ro
1187 2095 1200 2140 ΙΙ
1218 2093 1393 2177 ea<que?

99 2137 159 2174 Ro
176 2139 190 2183 ΙΙ
208 2142 229 2173 8
250 2140 289 2174 et
307 2150 373 2175 om.
387 2143 414 2172 P
431 2140 445 2185 ΙΙ
466 2143 510 2174 10
535 2139 709 2175 adultera
728 2143 781 2174 Aa
799 2141 811 2186 ΙΙ
833 2145 876 2176 13
903 2141 1183 2187 deprehendere
1208 2144 1236 2176 B
1255 2143 1268 2186 Ι]
1287 2142 1361 2177 adu
1379 2162 1391 2167 -

99 2185 183 2222 tero
207 2189 262 2221 Aa
280 2188 293 2232 ss
313 2190 357 2222 14
383 2198 468 2222 cum
492 2189 519 2220 B
539 2188 552 2231 ΙΙ
573 2190 617 2222 18
643 2185 772 2235 (non)
801 2187 856 2223 Gr
874 2189 886 2234 ΙΙ
907 2192 950 2224 19
978 2189 1180 2225 sacerdotii
1205 2189 1297 2225 Rau
1314 2191 1327 2234 ΙΙ
1346 2193 1392 2224 20

100 2232 221 2315 θοαί-«ἐι
244 2236 320 2278 ΑΒ,
346 2244 436 2270 corr.
464 2235 552 2278 Aer,
578 2235 624 2278 cf.
647 2237 731 2279 150,
751 2238 775 2270 8
794 2237 805 2281 H
824 2239 869 2271 23
896 2247 964 2272 nec
989 2239 1015 2270 B
1036 2238 1048 2282 l}
1068 2240 1112 2272 24
1137 2236 1205 2273 illa
1231 2240 1295 2272 AB
1314 2239 1326 2281 11
1346 2241 1390 2271 27

99 2290 186 2315 vem
227 2283 281 2314 Aa.
