1604 2488
507 88 937 126 DECLAMATIONES.
976 87 1146 125 CCLXX.
1391 87 1473 131 101

186 202 274 246 ista
298 200 574 244 simulatione
600 199 746 254 homo,
771 213 899 255 quem
923 211 1001 241 nec
1026 198 1246 240 tormenta
1265 197 1475 240 vicerunt.

189 260 327 304 omnis
364 260 455 302 litis
495 259 674 302 huiusce
712 273 844 302 causa
874 257 982 300 mihi
1012 258 1059 300 in
1089 257 1173 300 1100
1206 259 1290 312 est,
1326 259 1376 299 ut
1408 256 1477 299 de-

187 319 360 363 fendam
393 319 606 376 pudorem
635 333 792 361 meum.
833 317 899 360 Tu
922 319 1073 359 tamen
1097 317 1256 368 inveni,
1285 316 1362 358 ubi
1387 330 1479 371 per-

189 378 390 422 diderim!
421 378 591 421 nescis?
623 377 799 433 quaere!
839 377 886 418 hi
918 376 1033 419 servi
1065 391 1090 418 a
1122 391 1191 419 me
1222 390 1312 418 non
1342 389 1477 418 reces-

187 442 355 482 serunt:
399 438 446 480 hi
491 437 653 481 conscii
699 438 801 479 sunt
844 436 1057 492 omnium3
1101 435 1147 477 111
1190 435 1299 477 1111111
1350 435 1478 477 irasci
1505 446 1525 477 5

189 500 392 555 possunt,
424 498 461 539 si
491 496 722 540 tormentis
755 496 846 538 sine
879 510 1010 539 causa
1042 495 1292 538 offeruntur.
1353 493 1480 551 „Non

190 560 257 600 est
289 561 438 601 tamen
472 571 675 612 aequum,
715 555 959 612 comparari
989 554 1119 598 fidem
1150 556 1480 597 tormentorum.

191 631 242 659 ex
273 617 413 660 altera
443 615 727 672 partesliberi
759 617 803 658 et
834 614 1011 671 ingenui
1042 613 1150 657 torti
1183 617 1298 669 sunt,
1339 628 1390 656 ex
1422 613 1481 656 al-

186 679 281 719 tera
323 677 449 733 parte
494 675 643 718 servi.“
702 673 804 717 Non
847 674 954 717 facit
1001 675 1139 716 status
1181 673 1482 730 pertinaciam,

191 735 267 779 sed
292 750 424 778 causa
449 734 698 777 mentiendi.
749 747 852 791 ergo
880 733 1095 790 quomodo
1117 747 1198 790 ego
1224 733 1337 776 dico:
1363 747 1480 789 »per-
1509 743 1553 775 10

191 795 420 851 severasti,
462 797 512 836 ut
554 794 783 850 pecuniam
823 792 1117 848 lucrifaceres3
1163 794 1374 848 spectasti
1418 806 1481 834 se·

192 854 370 910 quentia
393 856 606 909 tempora,
638 852 845 909 spectasti
863 852 1067 908 lucrum«,
1099 851 1162 895 sic
1180 855 1230 894 tu
1249 851 1335 894 dic:
1369 851 1482 894 servi

189 913 277 956 mei
308 913 410 969 quid
442 913 682 968 spectaturi
715 911 846 955 sunt?
884 911 987 967 quid
1019 926 1070 953 ex
1101 911 1184 954 hoc
1217 925 1480 967 consequen-

189 972 291 1014 tur?
324 975 368 1014 et
394 986 471 1015 vos
498 971 670 1028 quidem
693 974 908 1026 tyrannus
935 968 1003 1026 (ut
1027 970 1281 1026 parcissime
1307 969 1480 1027 loquar)

189 1031 373 1078 dimisit:
415 1034 465 1074 tu
508 1031 689 1073 arbitrio
734 1034 810 1073 tuo
854 1033 1028 1086 torque:
1071 1029 1280 1086 quidquid
1323 1044 1479 1085 passus
1506 1039 1550 1072 15

190 1104 253 1145 eS,
295 1089 500 1147 quidquid
545 1090 712 1133 adicere
756 1089 1042 1132 inveniendae
1086 1089 1284 1132 veritatis
1334 1090 1479 1145 gratia

190 1152 336 1206 potes,
372 1149 547 1204 adhibe,
585 1149 687 1191 dum
725 1149 904 1204 spiritus
938 1149 1039 1204 erit,
1077 1149 1179 1191 dum
1211 1149 1331 1204 loqui
1363 1151 1482 1204 pote-

191 1213 306 1252 runt.
345 1223 513 1266 quaere,
540 1223 595 1252 an
619 1211 798 1265 negent:
832 1211 875 1251 et
902 1209 938 1250 si
963 1208 1348 1264 perseveraverint,
1375 1208 1483 1250 aude

197 1267 350 1324 dicere,
379 1268 578 1312 homines
610 1268 656 1310 in
687 1268 918 1310 tormentis
952 1268 1091 1310 solere
1123 1268 1311 1310 mentiri.

725 1443 950 1489 CCLXX.
1508 1456 1553 1488 20

479 1526 634 1582 Rapta
665 1539 727 1571 ex
759 1527 942 1571 duabus
975 1528 1196 1580 geminis.

195 1623 283 1674 Qm
315 1634 462 1666 CAUSA
494 1635 666 1667 MORTIS
700 1636 881 1679 Femur,
914 1635 1082 1666 CAPITE
1115 1636 1366 1668 PUNIATUR.
1415 1625 1483 1668 Ex

314 1683 480 1725 duabus
514 1683 699 1738 geminis
731 1683 984 1726 adulescens
1018 1684 1198 1726 alteram
1230 1686 1387 1739 rapuit.
1432 1700 1483 1728 ea

311 1757 355 1784 se
376 1742 612 1797 suspendit,
643 1745 768 1798 pater
788 1743 972 1785 alteram
997 1743 1146 1786 eduxit
1173 1744 1225 1786 ad
1252 1744 1483 1800 magistra-

308 1804 380 1844 tus
418 1804 463 1844 et
498 1802 720 1857 praecepit
758 1802 845 1858 illi,
882 1805 931 1844 ut
969 1805 1155 1845 mortem
1187 1804 1375 1859 raptoris
1409 1818 1481 1859 op·
1509 1812 1555 1844 25

307 1863 435 1904 taret.
496 1861 750 1903 adulescens
788 1861 961 1916 putavit
999 1876 1094 1904 eam
1127 1877 1221 1905 esse
1253 1877 1383 1918 quam
1415 1878 1482 1906 ra-

309 1922 472 1975 puerat.
536 1920 632 1963 duci
672 1935 769 1962 eum
811 1921 940 1963 iussit
971 1921 1268 1977 magistratus.
1330 1925 1483 1978 postea

286 2052 306 2083 2
334 2058 462 2085 omnes
487 2048 573 2084 lites
592 2048 748 2084 huiusce
767 2058 902 2084 causae
926 2051 990 2083 AB
1009 2050 1021 2095 ΙΙ
1041 2053 1062 2085 3
1088 2049 1318 2095 perdiderim
1343 2061 1481 2096 quaere

191 2096 235 2130 tu
261 2095 359 2132 servi
383 2099 421 2140 B,
447 2095 676 2141 perdiderim
700 2095 820 2131 nescis
847 2096 942 2132 servi
967 2101 990 2131 c
1010 2099 1021 2143 Η
1048 2101 1069 2132 6
1094 2099 1289 2134 tei-mentis
1314 2102 1345 2133 Δ
1364 2100 1376 2144 ΙΙ
1396 2103 1416 2135 8
1443 2100 1482 2135 01

189 2152 256 2178 om.
283 2146 314 2178 Δ
344 2145 356 2188 ΙΙ
388 2147 409 2178 9
436 2143 556 2179 *servi
581 2142 910 2191 (torquebuntur)
936 2143 984 2188 (?)
1018 2146 1029 2190 11
1060 2144 1135 2180 ista
1159 2156 1218 2182 res
1243 2149 1356 2191 Aac,
1388 2157 1479 2182 corr.

193 2188 249 2225 Gr
276 2190 292 2235 11
323 2194 368 2226 10
395 2201 464 2236 ego
491 2191 678 2236 quomodo
706 2190 791 2226 dico
816 2193 847 2224 A
872 2192 884 2236 [Ι
907 2192 1156 2236 perseveretis
1180 2195 1207 2227 B
1239 2195 1251 2238 fl
1285 2198 1327 2229 13
1355 2205 1481 2230 conse-

191 2238 324 2273 cuntur
348 2240 402 2272 Aa
425 2239 438 2283 ΙΙ
466 2242 508 2273 15
534 2239 605 2274 tor.
634 2239 671 2273 et
698 2250 757 2282 qu.
783 2241 810 2272 B
829 2239 841 2283 ΙΙ
861 2242 905 2274 17
932 2238 1187 2275 adhibendum
1214 2252 1297 2285 spes
1324 2241 1396 2276 erit
1419 2244 1446 2274 B
1471 2250 1482 2279 5³

194 2286 238 2318 18
265 2286 330 2320 aut
354 2285 498 2320 edicere
524 2289 547 2318 c
567 2286 578 2330 Η
599 2289 641 2320 21
670 2297 688 2320 e
714 2286 838 2330 31126
864 2287 1024 2331 putabat
1049 2291 1072 2321 c
