1578 2470
142 729 185 759 10

143 1017 186 1048 15

141 1306 188 1337 20

142 1595 190 1626 25

205 90 290 132 346
683 88 982 132 QUINTILIANI

206 211 256 238 ea
286 211 366 250 res,
398 196 447 237 de
473 210 556 250 qua
581 196 788 250 iudicatis,
818 196 863 237 in
887 195 1194 249 professionem
1217 209 1302 237 non
1326 195 1458 237 venit:

208 254 325 296 omni
355 255 459 295 iuris
492 253 730 295 condicione
759 256 906 294 nostra
938 255 1012 295 est.

299 311 419 366 ⁷,Mea
456 314 535 365 est,
575 309 750 365 inquit.“
813 310 935 352 Nihil
965 310 1079 352 istud
1109 312 1258 353 contra
1287 311 1353 352 ius
1384 325 1460 352 no-

208 373 343 411 strum
382 372 464 410 est:
509 369 670 423 alioqui
705 383 830 410 nemo
866 383 951 410 non
982 369 1063 410 hoc
1093 368 1143 410 de
1172 382 1218 410 re
1247 383 1335 411 non
1365 382 1460 422 pro-

210 428 322 468 fessa
353 427 490 468 dicere
521 428 676 480 possit:
707 441 830 468 »mea
862 429 959 469 est.«
1004 425 1110 481 „Sed
1137 426 1192 480 is,
1223 427 1295 481 qui
1323 429 1462 468 trans-

209 485 324 539 tulit,
362 485 545 526 alienam
582 499 671 526 rem
702 484 958 526 transtulit.“
1017 486 1116 526 ante
1147 485 1306 539 omnia,
1347 483 1464 526 nulla

209 544 303 597 lege
335 542 684 596 comprehensum
716 546 797 595 est,
835 545 883 583 ut
922 542 1103 583 alienam
1132 556 1222 583 rem
1252 556 1338 584 non
1367 555 1463 595 pro·

209 602 318 642 fiteri
356 600 518 642 liceret:
560 601 719 654 alioqui
750 600 969 654 publicum
1000 614 1193 642 eversum
1225 602 1307 654 est,
1346 599 1463 654 leges

210 658 511 713 permutandae
544 661 653 700 sunt.
701 661 750 699 ut
780 658 1092 699 transferantur
1122 658 1280 712 aliena,
1311 660 1354 699 at
1380 657 1465 698 fur-

210 721 298 758 tum
326 716 518 770 profiteri
549 716 706 758 debuit.
753 719 828 769 „at
856 716 1048 770 iniquum
1079 718 1170 769 est,
1201 729 1338 757 meam
1367 729 1464 769 poe-

211 789 311 816 nam
343 789 451 827 esse,
490 789 585 815 cum
615 774 686 814 ille
717 773 990 828 peccaverit.“
1049 774 1203 814 iterum
1233 773 1388 814 dicam:
1429 771 1467 813 si

212 832 314 886 quid
344 832 480 886 iniqui
509 832 724 886 habe<a>t
748 832 817 873 lex
840 833 1000 885 nostra,
1031 834 1182 884 postea
1211 830 1466 872 videbimus:

211 891 382 931 interim
412 890 480 931 lex
511 892 592 943 est3
627 904 713 931 non
744 890 943 931 adversus
975 889 1185 943 homines,
1223 889 1295 930 sed
1326 888 1468 930 adver-

214 963 283 989 sus
320 963 410 989 rem
449 948 608 1001 scripta
647 949 721 988 est.
782 947 818 987 si
855 947 919 988 ius
958 946 1264 999 accepissemus
1297 945 1468 1000 aliquod

213 1006 266 1047 ab
298 1020 365 1055 eo,
397 1006 468 1059 qui
498 1020 584 1046 non
615 1005 881 1058 <professam
911 1004 1029 1057 rem>
1061 1004 1369 1055 transtulisset,
1400 1017 1468 1044 ex-

213 1063 372 1117 igendi:
417 1063 477 1104 sic
514 1077 681 1117 quoque
723 1062 812 1103 sine
849 1062 976 1103 dubio
1015 1063 1127 1103 esset
1162 1063 1310 1102 nostra
1341 1075 1469 1102 causa

215 1121 376 1174 melior,
408 1121 480 1162 sed
510 1123 657 1161 tamen
687 1120 900 1161 videretur
930 1120 1071 1172 (non)
1096 1119 1146 1160 de
1177 1133 1222 1160 re
1252 1119 1348 1172 ipsa
1378 1131 1469 1159 esse

214 1179 442 1220 contentio.
485 1193 597 1219 nunc
626 1178 695 1218 lex
719 1177 800 1219 hoc
825 1177 1024 1230 continet,
1055 1179 1103 1218 ut
1127 1190 1216 1217 rem
1241 1178 1471 1229 teneamus,

215 1250 320 1290 quae
351 1237 563 1278 translata
594 1239 670 1288 est,
705 1239 745 1277 et
775 1235 967 1290 professa
996 1248 1081 1276 non
1107 1237 1183 1276 est.
1219 1234 1320 1288 quid
1344 1234 1471 1275 inter—

215 1297 296 1348 est,
335 1294 429 1348 quis
460 1294 674 1348 professus
706 1308 792 1335 non
823 1293 908 1334 sit?
969 1293 1094 1334 nobis
1124 1306 1192 1334 res
1223 1291 1366 1333 dedita
1396 1294 1471 1332 est.

214 1353 318 1394 haec
350 1353 400 1394 de
431 1353 532 1394 iure.

302 1409 414 1463 „Sed
451 1411 517 1451 ius
554 1410 693 1463 ipsum
724 1409 917 1463 iniquum
949 1407 1049 1450 est.“
1108 1407 1206 1449 Alio
1238 1421 1304 1448 me
1334 1420 1472 1460 vocae,

216 1469 266 1510 de
298 1468 383 1510 alio
416 1468 616 1522 quereris.
646 1467 711 1508 dic
736 1467 847 1508 istud
873 1466 935 1508 rei
959 1466 1167 1520 publicae,
1199 1465 1266 1507 dic
1292 1465 1468 1518 senatui,

217 1526 282 1567 dic
314 1526 602 1580 magistratui:
633 1525 870 1566 »aerarium
902 1524 1051 1578 populi
1075 1523 1259 1565 Romani
1289 1522 1472 1577 vectiga-

217 1583 328 1624 libus
373 1583 530 1638 iniquis
567 1583 757 1636 repletur
795 1586 837 1623 et
875 1582 1114 1635 spoliantur
1149 1581 1393 1635 provinciae
1431 1581 1474 1620 et

217 1642 432 1682 sublatum
473 1640 771 1682 commercium
814 1642 918 1681 est«
984 1653 1061 1680 nos
1102 1638 1378 1680 conduximus
1419 1637 1473 1690 id,

217 1699 327 1753 quod
359 1699 592 1740 Iocabatur.
648 1696 729 1738 Sed
760 1711 825 1738 res
856 1697 1027 1750 publica
1058 1710 1234 1750 quoque,
1265 1710 1359 1737 cum
1390 1709 1473 1748 qua

310 1805 330 1836 2
356 1800 435 1835 iure
461 1799 684 1835 condicionis
709 1802 786 1841 AB,
812 1809 902 1833 corr.
922 1798 978 1832 Ro
985 1811 998 1840 ;
1023 1797 1100 1832 iure
1121 1795 1361 1832 condictionis
1384 1796 1474 1841 Obril

216 1851 238 1882 5
263 1848 331 1882 *et
355 1850 418 1881 AB
448 1847 460 1890 ΙΙ
491 1851 511 1881 9
538 1858 585 1880 an
608 1849 686 1887 AB,
712 1856 799 1880 corr.
815 1845 892 1886 Ro‚·
918 1844 1100 1887 *sortasse
1124 1843 1382 1878 excludendum
1400 1843 1413 1887 ΙΙ
1433 1846 1475 1876 12

218 1893 411 1941 habe<a>t
435 1893 492 1928 Ro
525 1894 536 1938 ΙΙ
566 1892 764 1927 viderimus
789 1895 818 1925 A
847 1893 860 1936 ΙΙ
891 1895 933 1925 15
964 1890 1194 1937 <professam
1223 1887 1328 1936 rem>
1357 1888 1414 1923 Ro
1445 1891 1477 1923 et

218 1941 270 1975 Ra·
289 1942 300 1985 ΙΙ
321 1945 362 1975 17
394 1938 521 1986 (non)
545 1939 603 1974 Ro
621 1940 632 1984 ΙΙ
654 1942 800 1973 14-18
833 1949 883 1972 an
907 1937 969 1972 *si
1000 1935 1058 1971 ius
1083 1936 1349 1981 accepissemus
1375 1934 1476 1969 aliud

218 1987 265 2021 ab
293 1997 347 2029 e0‚
373 1986 435 2031 qui
461 1997 534 2020 non
558 1986 760 2030 professam
787 1995 865 2018 rem
889 1983 1138 2018 transtulisset
1163 1981 1347 2027 exigendi.
1363 2009 1371 2017 .
1387 1991 1476 2016 .me·

222 2034 310 2076 lior,
336 2032 367 2067 si
390 2035 515 2067 tamen
534 2032 606 2066 vid.
627 2031 672 2065 de
696 2041 735 2064 re
760 2031 783 2066 i.
810 2041 839 2065 e.
869 2041 898 2064 c.
924 2029 973 2074 (ἓ)
999 2030 1010 2073 ΙΙ
1038 2032 1081 2063 18
1107 2029 1313 2064 continetur
1337 2030 1389 2061 Aa.
1406 2028 1419 2071 fl
1437 2026 1479 2060 ut

218 2091 285 2114 om.
311 2082 340 2112 A
359 2080 370 2124 ΙΙ
388 2080 554 2114 tenemus
579 2080 644 2111 AB
662 2078 674 2122 ΙΙ
695 2081 737 2111 19
763 2078 818 2112 est
842 2078 883 2110 ut
906 2075 1073 2120 professa
1096 2077 1170 2118 AB,
1195 2085 1285 2110 corr.
1310 2074 1396 2117 Aer,
1422 2073 1478 2108 est

220 2136 314 2169 quae
345 2136 397 2169 pr.
430 2125 525 2160 aliae
545 2125 634 2160 edd.
660 2125 672 2169 11
699 2127 742 2158 20
769 2123 867 2168 quis]
899 2122 960 2166 qui
994 2124 1058 2155 AB
1077 2122 1090 2166 ΙΙ
1108 2120 1172 2166 sit]
1200 2121 1256 2155 est
1278 2122 1305 2153 B
1322 2121 1336 2165 ΙΙ
1354 2118 1479 2154 debita

216 2187 271 2217 Ba
288 2185 300 2228 ΙΙ
319 2185 375 2218 est
399 2194 465 2219 om.
490 2185 516 2216 B
542 2183 554 2227 n
578 2185 623 2216 24
647 2171 728 2216 Pssss
753 2183 792 2224 A,
819 2191 884 2216 om.
911 2183 948 2223 B,
974 2179 1101 2224 populi
1125 2177 1282 2213 Romani
1306 2177 1383 2212 edd.
1402 2178 1414 2221 ΙΙ
1433 2179 1477 2211 26

223 2237 263 2266 Ν
292 2233 321 2263 A
339 2230 350 2274 ll
369 2239 441 2264 non
466 2231 492 2262 B
511 2229 524 2273 11
542 2232 585 2263 27
611 2227 835 2272 loquabatur
859 2229 889 2260 A
