<?xml version="1.0" encoding="UTF-8"?>
<!DOCTYPE html PUBLIC "-//W3C//DTD XHTML 1.0 Transitional//EN"
    "http://www.w3.org/TR/xhtml1/DTD/xhtml1-transitional.dtd">
<html xmlns="http://www.w3.org/1999/xhtml" xml:lang="en" lang="en">
 <head>
  <title>
</title>
<meta http-equiv="Content-Type" content="text/html;charset=utf-8" />
  <meta name='ocr-system' content='tesseract 3.04.00' />
  <meta name='ocr-capabilities' content='ocr_page ocr_carea ocr_par ocr_line ocrx_word'/>
</head>
<body>
  <div class='ocr_page' id='page_1' title='image "./declamationesqua00quinuoft_0108.png"; bbox 0 0 1586 2476; ppageno 0'>
   <div class='ocr_carea' id='block_1_1' title="bbox 199 85 972 129">
    <p class='ocr_par' dir='ltr' id='par_1_1' title="bbox 199 85 972 129">
     <span class='ocr_line' id='line_1_1' title="bbox 199 85 972 129; baseline -0.006 -3"><span class='ocrx_word' id='word_1_1' title='bbox 199 85 253 126; x_wconf 83' lang='grc'>72</span> <span class='ocrx_word' id='word_1_2' title='bbox 675 87 792 129; x_wconf 81' lang='lat' dir='ltr'>QUIN</span> <span class='ocrx_word' id='word_1_3' title='bbox 794 87 972 122; x_wconf 85' lang='lat' dir='ltr'>TILIANI</span> 
     </span>
    </p>
   </div>
   <div class='ocr_carea' id='block_1_2' title="bbox 602 191 1042 236">
    <p class='ocr_par' dir='ltr' id='par_1_2' title="bbox 602 191 1042 236">
     <span class='ocr_line' id='line_1_2' title="bbox 602 191 1042 236; baseline -0.002 -2"><span class='ocrx_word' id='word_1_4' title='bbox 602 191 1042 236; x_wconf 85' lang='lat' dir='ltr'>DECLAMATIO.</span> 
     </span>
    </p>
   </div>
   <div class='ocr_carea' id='block_1_3' title="bbox 195 262 1450 444">
    <p class='ocr_par' dir='ltr' id='par_1_3' title="bbox 195 262 1450 444">
     <span class='ocr_line' id='line_1_3' title="bbox 284 262 1448 328; baseline 0.003 -14"><span class='ocrx_word' id='word_1_5' title='bbox 284 273 368 315; x_wconf 81' lang='lat' dir='ltr'>Lex</span> <span class='ocrx_word' id='word_1_6' title='bbox 400 274 547 315; x_wconf 88' lang='lat' dir='ltr'>iniusti</span> <span class='ocrx_word' id='word_1_7' title='bbox 578 274 744 328; x_wconf 86' lang='lat' dir='ltr'>repudii</span> <span class='ocrx_word' id='word_1_8' title='bbox 775 274 958 315; x_wconf 85' lang='lat' dir='ltr'>maxime</span> <span class='ocrx_word' id='word_1_9' title='bbox 998 262 1237 316; x_wconf 77' lang='lat' dir='ltr'>necessaria</span> <span class='ocrx_word' id='word_1_10' title='bbox 1262 274 1315 316; x_wconf 88' lang='lat' dir='ltr'>ad</span> <span class='ocrx_word' id='word_1_11' title='bbox 1351 289 1448 317; x_wconf 86' lang='lat' dir='ltr'>con-</span> 
     </span>
     <span class='ocr_line' id='line_1_4' title="bbox 195 331 1450 388; baseline 0 -14"><span class='ocrx_word' id='word_1_12' title='bbox 195 331 369 374; x_wconf 90' lang='lat' dir='ltr'>tinenda</span> <span class='ocrx_word' id='word_1_13' title='bbox 399 332 671 374; x_wconf 88' lang='lat' dir='ltr'>matrimonia</span> <span class='ocrx_word' id='word_1_14' title='bbox 701 334 744 373; x_wconf 86' lang='lat' dir='ltr'>et</span> <span class='ocrx_word' id='word_1_15' title='bbox 775 331 841 373; x_wconf 89' lang='lat' dir='ltr'>his</span> <span class='ocrx_word' id='word_1_16' title='bbox 872 331 1096 386; x_wconf 81' lang='lat' dir='ltr'>praecipue</span> <span class='ocrx_word' id='word_1_17' title='bbox 1127 332 1327 388; x_wconf 87' lang='lat' dir='ltr'>moribus,</span> <span class='ocrx_word' id='word_1_18' title='bbox 1358 333 1450 387; x_wconf 90' lang='lat' dir='ltr'>qui—</span> 
     </span>
     <span class='ocr_line' id='line_1_5' title="bbox 196 389 1447 444; baseline 0.001 -13"><span class='ocrx_word' id='word_1_19' title='bbox 196 390 274 431; x_wconf 89' lang='lat' dir='ltr'>bus</span> <span class='ocrx_word' id='word_1_20' title='bbox 304 389 431 432; x_wconf 88' lang='lat' dir='ltr'>finem</span> <span class='ocrx_word' id='word_1_21' title='bbox 456 392 623 431; x_wconf 88' lang='lat' dir='ltr'>tantum</span> <span class='ocrx_word' id='word_1_22' title='bbox 647 391 877 431; x_wconf 76' lang='lat' dir='ltr'>necessitas</span> <span class='ocrx_word' id='word_1_23' title='bbox 902 389 1120 443; x_wconf 84' lang='lat' dir='ltr'>fec&lt;er&gt;it,</span> <span class='ocrx_word' id='word_1_24' title='bbox 1150 404 1276 444; x_wconf 90' lang='lat' dir='ltr'>super</span> <span class='ocrx_word' id='word_1_25' title='bbox 1301 404 1447 432; x_wconf 84' lang='lat' dir='ltr'>omnes</span> 
     </span>
    </p>
   </div>
   <div class='ocr_carea' id='block_1_4' title="bbox 151 447 610 502">
    <p class='ocr_par' dir='ltr' id='par_1_4' title="bbox 151 447 610 502">
     <span class='ocr_line' id='line_1_6' title="bbox 151 447 610 502; baseline 0.002 -14"><span class='ocrx_word' id='word_1_26' title='bbox 151 458 171 488; x_wconf 85' lang='lat'>5</span> <span class='ocrx_word' id='word_1_27' title='bbox 197 449 313 502; x_wconf 84' lang='lat' dir='ltr'>leges</span> <span class='ocrx_word' id='word_1_28' title='bbox 345 447 502 489; x_wconf 83' lang='lat' dir='ltr'>tuenda</span> <span class='ocrx_word' id='word_1_29' title='bbox 533 451 610 489; x_wconf 89' lang='lat' dir='ltr'>est.</span> 
     </span>
    </p>
   </div>
   <div class='ocr_carea' id='block_1_5' title="bbox 128 749 171 780">
    <p class='ocr_par' dir='ltr' id='par_1_5' title="bbox 128 749 171 780">
     <span class='ocr_line' id='line_1_7' title="bbox 128 749 171 780; baseline 0.047 -2"><span class='ocrx_word' id='word_1_30' title='bbox 128 749 171 780; x_wconf 92' lang='lat'>10</span> 
     </span>
    </p>
   </div>
   <div class='ocr_carea' id='block_1_6' title="bbox 127 1038 169 1070">
    <p class='ocr_par' dir='ltr' id='par_1_6' title="bbox 127 1038 169 1070">
     <span class='ocr_line' id='line_1_8' title="bbox 127 1038 169 1070; baseline 0.048 -2"><span class='ocrx_word' id='word_1_31' title='bbox 127 1038 169 1070; x_wconf 82' lang='lat'>15</span> 
     </span>
    </p>
   </div>
   <div class='ocr_carea' id='block_1_7' title="bbox 127 1327 171 1359">
    <p class='ocr_par' dir='ltr' id='par_1_7' title="bbox 127 1327 171 1359">
     <span class='ocr_line' id='line_1_9' title="bbox 127 1327 171 1359; baseline 0.023 -1"><span class='ocrx_word' id='word_1_32' title='bbox 127 1327 171 1359; x_wconf 84' lang='lat'>20</span> 
     </span>
    </p>
   </div>
   <div class='ocr_carea' id='block_1_8' title="bbox 126 1616 169 1647">
    <p class='ocr_par' dir='ltr' id='par_1_8' title="bbox 126 1616 169 1647">
     <span class='ocr_line' id='line_1_10' title="bbox 126 1616 169 1647; baseline 0 0"><span class='ocrx_word' id='word_1_33' title='bbox 126 1616 169 1647; x_wconf 82' lang='lat'>25</span> 
     </span>
    </p>
   </div>
   <div class='ocr_carea' id='block_1_9' title="bbox 126 1906 171 1938">
    <p class='ocr_par' dir='ltr' id='par_1_9' title="bbox 126 1906 171 1938">
     <span class='ocr_line' id='line_1_11' title="bbox 126 1906 171 1938; baseline 0 0"><span class='ocrx_word' id='word_1_34' title='bbox 126 1906 171 1938; x_wconf 83' lang='lat'>30</span> 
     </span>
    </p>
   </div>
   <div class='ocr_carea' id='block_1_10' title="bbox 194 505 1454 2008">
    <p class='ocr_par' dir='ltr' id='par_1_10' title="bbox 194 505 1453 1486">
     <span class='ocr_line' id='line_1_12' title="bbox 283 505 1450 559; baseline -0.001 -12"><span class='ocrx_word' id='word_1_35' title='bbox 283 505 566 559; x_wconf 82' lang='lat' dir='ltr'>Repudiatam</span> <span class='ocrx_word' id='word_1_36' title='bbox 611 505 664 546; x_wconf 88' lang='lat' dir='ltr'>ab</span> <span class='ocrx_word' id='word_1_37' title='bbox 708 505 788 547; x_wconf 88' lang='lat' dir='ltr'>hoc</span> <span class='ocrx_word' id='word_1_38' title='bbox 829 519 1002 547; x_wconf 85' lang='lat' dir='ltr'>uxorem</span> <span class='ocrx_word' id='word_1_39' title='bbox 1045 518 1137 546; x_wconf 89' lang='lat' dir='ltr'>esse</span> <span class='ocrx_word' id='word_1_40' title='bbox 1179 505 1450 547; x_wconf 85' lang='lat' dir='ltr'>manifestum</span> 
     </span>
     <span class='ocr_line' id='line_1_13' title="bbox 197 563 1451 618; baseline -0.001 -13"><span class='ocrx_word' id='word_1_41' title='bbox 197 568 270 605; x_wconf 90' lang='lat' dir='ltr'>est.</span> <span class='ocrx_word' id='word_1_42' title='bbox 302 564 511 618; x_wconf 90' lang='lat' dir='ltr'>reliquum</span> <span class='ocrx_word' id='word_1_43' title='bbox 542 566 618 617; x_wconf 87' lang='lat' dir='ltr'>est,</span> <span class='ocrx_word' id='word_1_44' title='bbox 649 565 696 604; x_wconf 91' lang='lat' dir='ltr'>ut</span> <span class='ocrx_word' id='word_1_45' title='bbox 721 563 879 617; x_wconf 88' lang='lat' dir='ltr'>aliquid</span> <span class='ocrx_word' id='word_1_46' title='bbox 904 563 1150 618; x_wconf 80' lang='lat' dir='ltr'>repudiatae</span> <span class='ocrx_word' id='word_1_47' title='bbox 1175 563 1344 605; x_wconf 87' lang='lat' dir='ltr'>obiciat.</span> <span class='ocrx_word' id='word_1_48' title='bbox 1388 564 1451 604; x_wconf 84' lang='lat' dir='ltr'>ita</span> 
     </span>
     <span class='ocr_line' id='line_1_14' title="bbox 195 620 1452 676; baseline -0.001 -13"><span class='ocrx_word' id='word_1_49' title='bbox 195 622 364 663; x_wconf 89' lang='lat' dir='ltr'>demum</span> <span class='ocrx_word' id='word_1_50' title='bbox 395 622 506 662; x_wconf 89' lang='lat' dir='ltr'>enim</span> <span class='ocrx_word' id='word_1_51' title='bbox 537 624 680 676; x_wconf 90' lang='lat' dir='ltr'>potest</span> <span class='ocrx_word' id='word_1_52' title='bbox 712 635 802 662; x_wconf 89' lang='lat' dir='ltr'>esse</span> <span class='ocrx_word' id='word_1_53' title='bbox 834 621 994 662; x_wconf 88' lang='lat' dir='ltr'>iustum</span> <span class='ocrx_word' id='word_1_54' title='bbox 1023 620 1261 675; x_wconf 85' lang='lat' dir='ltr'>repudium,</span> <span class='ocrx_word' id='word_1_55' title='bbox 1297 621 1334 662; x_wconf 89' lang='lat' dir='ltr'>si</span> <span class='ocrx_word' id='word_1_56' title='bbox 1363 635 1452 662; x_wconf 89' lang='lat' dir='ltr'>me·-</span> 
     </span>
     <span class='ocr_line' id='line_1_15' title="bbox 194 678 1448 734; baseline -0.001 -13"><span class='ocrx_word' id='word_1_57' title='bbox 194 680 283 721; x_wconf 89' lang='lat' dir='ltr'>ruit</span> <span class='ocrx_word' id='word_1_58' title='bbox 312 679 368 734; x_wconf 82' lang='lat' dir='ltr'>id,</span> <span class='ocrx_word' id='word_1_59' title='bbox 399 694 506 734; x_wconf 86' lang='lat' dir='ltr'>quae</span> <span class='ocrx_word' id='word_1_60' title='bbox 536 679 791 733; x_wconf 88' lang='lat' dir='ltr'>repudiatur.</span> <span class='ocrx_word' id='word_1_61' title='bbox 836 678 902 720; x_wconf 90' lang='lat' dir='ltr'>Ne</span> <span class='ocrx_word' id='word_1_62' title='bbox 933 679 1023 734; x_wconf 92' lang='lat' dir='ltr'>ipse</span> <span class='ocrx_word' id='word_1_63' title='bbox 1054 679 1220 732; x_wconf 90' lang='lat' dir='ltr'>quidem</span> <span class='ocrx_word' id='word_1_64' title='bbox 1251 681 1342 720; x_wconf 86' lang='lat' dir='ltr'>tam</span> <span class='ocrx_word' id='word_1_65' title='bbox 1371 679 1448 720; x_wconf 89' lang='lat' dir='ltr'>im-</span> 
     </span>
     <span class='ocr_line' id='line_1_16' title="bbox 196 734 1451 792; baseline 0 -14"><span class='ocrx_word' id='word_1_66' title='bbox 196 737 358 792; x_wconf 86' lang='lat' dir='ltr'>pudens</span> <span class='ocrx_word' id='word_1_67' title='bbox 396 740 472 792; x_wconf 87' lang='lat' dir='ltr'>est,</span> <span class='ocrx_word' id='word_1_68' title='bbox 508 736 782 792; x_wconf 86' lang='lat' dir='ltr'>(quamquam</span> <span class='ocrx_word' id='word_1_69' title='bbox 818 750 905 778; x_wconf 90' lang='lat' dir='ltr'>non</span> <span class='ocrx_word' id='word_1_70' title='bbox 940 737 1050 779; x_wconf 87' lang='lat' dir='ltr'>desit</span> <span class='ocrx_word' id='word_1_71' title='bbox 1074 734 1268 792; x_wconf 86' lang='lat' dir='ltr'>audacia)</span> <span class='ocrx_word' id='word_1_72' title='bbox 1297 738 1346 778; x_wconf 88' lang='lat' dir='ltr'>ut</span> <span class='ocrx_word' id='word_1_73' title='bbox 1375 737 1451 778; x_wconf 87' lang='lat' dir='ltr'>cri-</span> 
     </span>
     <span class='ocr_line' id='line_1_17' title="bbox 195 793 1450 850; baseline 0.001 -14"><span class='ocrx_word' id='word_1_74' title='bbox 195 810 290 836; x_wconf 89' lang='lat' dir='ltr'>men</span> <span class='ocrx_word' id='word_1_75' title='bbox 317 795 451 836; x_wconf 90' lang='lat' dir='ltr'>ullum</span> <span class='ocrx_word' id='word_1_76' title='bbox 475 795 610 850; x_wconf 87' lang='lat' dir='ltr'>fingat</span> <span class='ocrx_word' id='word_1_77' title='bbox 633 795 677 835; x_wconf 91' lang='lat' dir='ltr'>in</span> <span class='ocrx_word' id='word_1_78' title='bbox 702 808 894 836; x_wconf 83' lang='lat' dir='ltr'>uxorem:</span> <span class='ocrx_word' id='word_1_79' title='bbox 922 795 1174 837; x_wconf 72' lang='lat' dir='ltr'>necessitate</span> <span class='ocrx_word' id='word_1_80' title='bbox 1199 793 1450 837; x_wconf 87' lang='lat' dir='ltr'>defenditur.</span> 
     </span>
     <span class='ocr_line' id='line_1_18' title="bbox 194 852 1451 907; baseline 0 -13"><span class='ocrx_word' id='word_1_81' title='bbox 194 856 388 907; x_wconf 85' lang='lat' dir='ltr'>poteram</span> <span class='ocrx_word' id='word_1_82' title='bbox 419 853 569 906; x_wconf 85' lang='lat' dir='ltr'>dicere,</span> <span class='ocrx_word' id='word_1_83' title='bbox 600 852 714 894; x_wconf 85' lang='lat' dir='ltr'>aliud</span> <span class='ocrx_word' id='word_1_84' title='bbox 745 867 837 894; x_wconf 89' lang='lat' dir='ltr'>esse</span> <span class='ocrx_word' id='word_1_85' title='bbox 867 853 1035 895; x_wconf 87' lang='lat' dir='ltr'>iustum.</span> <span class='ocrx_word' id='word_1_86' title='bbox 1077 867 1177 894; x_wconf 89' lang='lat' dir='ltr'>nam</span> <span class='ocrx_word' id='word_1_87' title='bbox 1207 852 1276 894; x_wconf 85' lang='lat' dir='ltr'>lex</span> <span class='ocrx_word' id='word_1_88' title='bbox 1300 852 1451 894; x_wconf 88' lang='lat' dir='ltr'>iniusti</span> 
     </span>
     <span class='ocr_line' id='line_1_19' title="bbox 194 909 1449 965; baseline -0.001 -13"><span class='ocrx_word' id='word_1_89' title='bbox 194 911 358 965; x_wconf 85' lang='lat' dir='ltr'>repudii</span> <span class='ocrx_word' id='word_1_90' title='bbox 396 914 557 965; x_wconf 89' lang='lat' dir='ltr'>spectat</span> <span class='ocrx_word' id='word_1_91' title='bbox 593 914 817 964; x_wconf 88' lang='lat' dir='ltr'>utramque</span> <span class='ocrx_word' id='word_1_92' title='bbox 848 925 1091 964; x_wconf 83' lang='lat' dir='ltr'>personam3</span> <span class='ocrx_word' id='word_1_93' title='bbox 1128 924 1204 952; x_wconf 88' lang='lat' dir='ltr'>nec</span> <span class='ocrx_word' id='word_1_94' title='bbox 1235 909 1340 952; x_wconf 89' lang='lat' dir='ltr'>satis</span> <span class='ocrx_word' id='word_1_95' title='bbox 1372 913 1449 964; x_wconf 85' lang='lat' dir='ltr'>est,</span> 
     </span>
     <span class='ocr_line' id='line_1_20' title="bbox 194 968 1451 1023; baseline 0 -14"><span class='ocrx_word' id='word_1_96' title='bbox 194 969 236 1010; x_wconf 90' lang='lat' dir='ltr'>id</span> <span class='ocrx_word' id='word_1_97' title='bbox 267 969 391 1011; x_wconf 93' lang='lat' dir='ltr'>modo</span> <span class='ocrx_word' id='word_1_98' title='bbox 422 969 595 1023; x_wconf 84' lang='lat' dir='ltr'>intueri,</span> <span class='ocrx_word' id='word_1_99' title='bbox 626 968 727 1023; x_wconf 91' lang='lat' dir='ltr'>quid</span> <span class='ocrx_word' id='word_1_100' title='bbox 757 969 934 1010; x_wconf 86' lang='lat' dir='ltr'>maritus</span> <span class='ocrx_word' id='word_1_101' title='bbox 964 969 1101 1010; x_wconf 83' lang='lat' dir='ltr'>facere</span> <span class='ocrx_word' id='word_1_102' title='bbox 1132 968 1342 1010; x_wconf 86' lang='lat' dir='ltr'>debuerit:</span> <span class='ocrx_word' id='word_1_103' title='bbox 1382 981 1451 1009; x_wconf 86' lang='lat' dir='ltr'>ve-</span> 
     </span>
     <span class='ocr_line' id='line_1_21' title="bbox 195 1025 1452 1082; baseline -0.001 -14"><span class='ocrx_word' id='word_1_104' title='bbox 195 1041 288 1068; x_wconf 89' lang='lat' dir='ltr'>rum</span> <span class='ocrx_word' id='word_1_105' title='bbox 326 1026 369 1068; x_wconf 87' lang='lat' dir='ltr'>id</span> <span class='ocrx_word' id='word_1_106' title='bbox 406 1041 571 1082; x_wconf 89' lang='lat' dir='ltr'>quoque</span> <span class='ocrx_word' id='word_1_107' title='bbox 608 1026 857 1068; x_wconf 89' lang='lat' dir='ltr'>intuendum</span> <span class='ocrx_word' id='word_1_108' title='bbox 889 1029 970 1080; x_wconf 87' lang='lat' dir='ltr'>est,</span> <span class='ocrx_word' id='word_1_109' title='bbox 1006 1026 1106 1080; x_wconf 92' lang='lat' dir='ltr'>quid</span> <span class='ocrx_word' id='word_1_110' title='bbox 1136 1026 1227 1079; x_wconf 88' lang='lat' dir='ltr'>pati</span> <span class='ocrx_word' id='word_1_111' title='bbox 1258 1025 1452 1067; x_wconf 83' lang='lat' dir='ltr'>debuerit</span> 
     </span>
     <span class='ocr_line' id='line_1_22' title="bbox 197 1083 1452 1138; baseline -0.001 -12"><span class='ocrx_word' id='word_1_112' title='bbox 197 1099 313 1126; x_wconf 86' lang='lat' dir='ltr'>uxor.</span> <span class='ocrx_word' id='word_1_113' title='bbox 374 1099 502 1138; x_wconf 87' lang='lat' dir='ltr'>quare</span> <span class='ocrx_word' id='word_1_114' title='bbox 538 1085 639 1126; x_wconf 83' lang='lat' dir='ltr'>licet</span> <span class='ocrx_word' id='word_1_115' title='bbox 668 1086 715 1125; x_wconf 86' lang='lat' dir='ltr'>tu</span> <span class='ocrx_word' id='word_1_116' title='bbox 745 1084 982 1126; x_wconf 86' lang='lat' dir='ltr'>necessario</span> <span class='ocrx_word' id='word_1_117' title='bbox 1012 1083 1315 1138; x_wconf 83' lang='lat' dir='ltr'>repudiaveris,</span> <span class='ocrx_word' id='word_1_118' title='bbox 1346 1083 1452 1125; x_wconf 89' lang='lat' dir='ltr'>haec</span> 
     </span>
     <span class='ocr_line' id='line_1_23' title="bbox 196 1142 1452 1196; baseline 0 -13"><span class='ocrx_word' id='word_1_119' title='bbox 196 1143 353 1185; x_wconf 88' lang='lat' dir='ltr'>iniuste</span> <span class='ocrx_word' id='word_1_120' title='bbox 395 1142 619 1196; x_wconf 87' lang='lat' dir='ltr'>repudiata</span> <span class='ocrx_word' id='word_1_121' title='bbox 661 1144 736 1183; x_wconf 91' lang='lat' dir='ltr'>est.</span> <span class='ocrx_word' id='word_1_122' title='bbox 797 1142 900 1183; x_wconf 88' lang='lat' dir='ltr'>haec</span> <span class='ocrx_word' id='word_1_123' title='bbox 936 1142 1136 1196; x_wconf 89' lang='lat' dir='ltr'>dicerem,</span> <span class='ocrx_word' id='word_1_124' title='bbox 1180 1142 1216 1183; x_wconf 87' lang='lat' dir='ltr'>si</span> <span class='ocrx_word' id='word_1_125' title='bbox 1252 1155 1337 1183; x_wconf 86' lang='lat' dir='ltr'>non</span> <span class='ocrx_word' id='word_1_126' title='bbox 1376 1143 1452 1183; x_wconf 87' lang='lat' dir='ltr'>tua</span> 
     </span>
     <span class='ocr_line' id='line_1_24' title="bbox 197 1198 1451 1255; baseline -0.002 -13"><span class='ocrx_word' id='word_1_127' title='bbox 197 1201 322 1255; x_wconf 86' lang='lat' dir='ltr'>culpa</span> <span class='ocrx_word' id='word_1_128' title='bbox 347 1200 581 1253; x_wconf 89' lang='lat' dir='ltr'>accidisset,</span> <span class='ocrx_word' id='word_1_129' title='bbox 604 1202 652 1242; x_wconf 87' lang='lat' dir='ltr'>ut</span> <span class='ocrx_word' id='word_1_130' title='bbox 676 1199 930 1254; x_wconf 85' lang='lat' dir='ltr'>repudiares.</span> <span class='ocrx_word' id='word_1_131' title='bbox 969 1198 1050 1241; x_wconf 83' lang='lat' dir='ltr'>Sed</span> <span class='ocrx_word' id='word_1_132' title='bbox 1075 1200 1218 1253; x_wconf 83' lang='lat' dir='ltr'>miror,</span> <span class='ocrx_word' id='word_1_133' title='bbox 1247 1199 1283 1241; x_wconf 91' lang='lat' dir='ltr'>si</span> <span class='ocrx_word' id='word_1_134' title='bbox 1302 1199 1346 1241; x_wconf 90' lang='lat' dir='ltr'>in</span> <span class='ocrx_word' id='word_1_135' title='bbox 1370 1199 1451 1241; x_wconf 88' lang='lat' dir='ltr'>hac</span> 
     </span>
     <span class='ocr_line' id='line_1_25' title="bbox 197 1257 1452 1314; baseline -0.002 -14"><span class='ocrx_word' id='word_1_136' title='bbox 197 1258 370 1300; x_wconf 86' lang='lat' dir='ltr'>civitate</span> <span class='ocrx_word' id='word_1_137' title='bbox 401 1257 730 1314; x_wconf 83' lang='lat' dir='ltr'>diligentissima</span> <span class='ocrx_word' id='word_1_138' title='bbox 759 1257 863 1299; x_wconf 89' lang='lat' dir='ltr'>iuris</span> <span class='ocrx_word' id='word_1_139' title='bbox 894 1258 984 1299; x_wconf 86' lang='lat' dir='ltr'>ulla</span> <span class='ocrx_word' id='word_1_140' title='bbox 1008 1257 1076 1299; x_wconf 84' lang='lat' dir='ltr'>lex</span> <span class='ocrx_word' id='word_1_141' title='bbox 1102 1260 1250 1299; x_wconf 87' lang='lat' dir='ltr'>contra</span> <span class='ocrx_word' id='word_1_142' title='bbox 1273 1257 1452 1299; x_wconf 87' lang='lat' dir='ltr'>alteram</span> 
     </span>
     <span class='ocr_line' id='line_1_26' title="bbox 198 1315 1452 1371; baseline -0.002 -13"><span class='ocrx_word' id='word_1_143' title='bbox 198 1317 358 1371; x_wconf 84' lang='lat' dir='ltr'>scripta</span> <span class='ocrx_word' id='word_1_144' title='bbox 384 1320 459 1370; x_wconf 88' lang='lat' dir='ltr'>est,</span> <span class='ocrx_word' id='word_1_145' title='bbox 485 1319 558 1358; x_wconf 86' lang='lat' dir='ltr'>aut</span> <span class='ocrx_word' id='word_1_146' title='bbox 582 1316 662 1358; x_wconf 92' lang='lat' dir='ltr'>hoc</span> <span class='ocrx_word' id='word_1_147' title='bbox 690 1315 1008 1370; x_wconf 87' lang='lat' dir='ltr'>prudentissimi</span> <span class='ocrx_word' id='word_1_148' title='bbox 1028 1315 1328 1357; x_wconf 82' lang='lat' dir='ltr'>constitutores</span> <span class='ocrx_word' id='word_1_149' title='bbox 1348 1315 1452 1356; x_wconf 88' lang='lat' dir='ltr'>iuris</span> 
     </span>
     <span class='ocr_line' id='line_1_27' title="bbox 195 1373 1453 1428; baseline -0.002 -12"><span class='ocrx_word' id='word_1_150' title='bbox 195 1389 281 1416; x_wconf 90' lang='lat' dir='ltr'>non</span> <span class='ocrx_word' id='word_1_151' title='bbox 317 1374 523 1416; x_wconf 87' lang='lat' dir='ltr'>viderunt.</span> <span class='ocrx_word' id='word_1_152' title='bbox 582 1373 794 1428; x_wconf 90' lang='lat' dir='ltr'>quomodo</span> <span class='ocrx_word' id='word_1_153' title='bbox 830 1388 1002 1416; x_wconf 89' lang='lat' dir='ltr'>necesse</span> <span class='ocrx_word' id='word_1_154' title='bbox 1033 1376 1114 1428; x_wconf 87' lang='lat' dir='ltr'>est,</span> <span class='ocrx_word' id='word_1_155' title='bbox 1151 1373 1263 1427; x_wconf 88' lang='lat' dir='ltr'>quod</span> <span class='ocrx_word' id='word_1_156' title='bbox 1293 1373 1453 1414; x_wconf 85' lang='lat' dir='ltr'>iustum</span> 
     </span>
     <span class='ocr_line' id='line_1_28' title="bbox 197 1432 725 1486; baseline -0.002 -12"><span class='ocrx_word' id='word_1_157' title='bbox 197 1447 282 1474; x_wconf 88' lang='lat' dir='ltr'>non</span> <span class='ocrx_word' id='word_1_158' title='bbox 314 1432 436 1474; x_wconf 77' lang='lat' dir='ltr'>erat?</span> <span class='ocrx_word' id='word_1_159' title='bbox 713 1477 725 1486; x_wconf 52' lang='grc'><strong><em>,</em></strong></span> 
     </span>
    </p>

    <p class='ocr_par' dir='ltr' id='par_1_11' title="bbox 194 1488 1454 2008">
     <span class='ocr_line' id='line_1_29' title="bbox 282 1488 1454 1544; baseline -0.002 -12"><span class='ocrx_word' id='word_1_160' title='bbox 282 1490 466 1544; x_wconf 81' lang='lat' dir='ltr'>„Rapta‚</span> <span class='ocrx_word' id='word_1_161' title='bbox 497 1491 653 1544; x_wconf 90' lang='lat' dir='ltr'>inquit,</span> <span class='ocrx_word' id='word_1_162' title='bbox 691 1490 862 1543; x_wconf 82' lang='lat' dir='ltr'>nuptias</span> <span class='ocrx_word' id='word_1_163' title='bbox 893 1503 1008 1531; x_wconf 87' lang='lat' dir='ltr'>meas</span> <span class='ocrx_word' id='word_1_164' title='bbox 1041 1488 1298 1543; x_wconf 83' lang='lat' dir='ltr'>optaverat.“</span> <span class='ocrx_word' id='word_1_165' title='bbox 1354 1488 1454 1531; x_wconf 87' lang='lat' dir='ltr'>Non</span> 
     </span>
     <span class='ocr_line' id='line_1_30' title="bbox 197 1547 1452 1602; baseline -0.001 -13"><span class='ocrx_word' id='word_1_166' title='bbox 197 1551 262 1589; x_wconf 87' lang='lat' dir='ltr'>est</span> <span class='ocrx_word' id='word_1_167' title='bbox 297 1548 378 1590; x_wconf 91' lang='lat' dir='ltr'>hoc</span> <span class='ocrx_word' id='word_1_168' title='bbox 414 1548 520 1602; x_wconf 88' lang='lat' dir='ltr'>tale,</span> <span class='ocrx_word' id='word_1_169' title='bbox 565 1548 687 1602; x_wconf 85' lang='lat' dir='ltr'>quale</span> <span class='ocrx_word' id='word_1_170' title='bbox 732 1548 767 1588; x_wconf 91' lang='lat' dir='ltr'>si</span> <span class='ocrx_word' id='word_1_171' title='bbox 811 1547 987 1588; x_wconf 87' lang='lat' dir='ltr'>diceres:</span> <span class='ocrx_word' id='word_1_172' title='bbox 1047 1551 1254 1600; x_wconf 87' lang='lat' dir='ltr'>tyrannus</span> <span class='ocrx_word' id='word_1_173' title='bbox 1296 1547 1452 1601; x_wconf 69' lang='lat' dir='ltr'>coegit3</span> 
     </span>
     <span class='ocr_line' id='line_1_31' title="bbox 197 1604 1454 1660; baseline -0.001 -13"><span class='ocrx_word' id='word_1_174' title='bbox 197 1606 320 1660; x_wconf 91' lang='lat' dir='ltr'>quale</span> <span class='ocrx_word' id='word_1_175' title='bbox 365 1605 401 1647; x_wconf 90' lang='lat' dir='ltr'>si</span> <span class='ocrx_word' id='word_1_176' title='bbox 443 1605 618 1647; x_wconf 90' lang='lat' dir='ltr'>diceres:</span> <span class='ocrx_word' id='word_1_177' title='bbox 663 1605 834 1659; x_wconf 86' lang='lat' dir='ltr'>aliquis,</span> <span class='ocrx_word' id='word_1_178' title='bbox 876 1606 942 1646; x_wconf 88' lang='lat' dir='ltr'>cui</span> <span class='ocrx_word' id='word_1_179' title='bbox 982 1607 1240 1658; x_wconf 86' lang='lat' dir='ltr'>potestatem</span> <span class='ocrx_word' id='word_1_180' title='bbox 1283 1604 1454 1646; x_wconf 75' lang='lat' dir='ltr'>dederat</span> 
     </span>
     <span class='ocr_line' id='line_1_32' title="bbox 194 1662 1453 1717; baseline -0.002 -12"><span class='ocrx_word' id='word_1_181' title='bbox 194 1677 261 1705; x_wconf 89' lang='lat' dir='ltr'>res</span> <span class='ocrx_word' id='word_1_182' title='bbox 280 1663 463 1717; x_wconf 83' lang='lat' dir='ltr'>publica,</span> <span class='ocrx_word' id='word_1_183' title='bbox 487 1663 567 1704; x_wconf 90' lang='lat' dir='ltr'>hoc</span> <span class='ocrx_word' id='word_1_184' title='bbox 587 1663 727 1715; x_wconf 84' lang='lat' dir='ltr'>iussit3</span> <span class='ocrx_word' id='word_1_185' title='bbox 754 1666 925 1704; x_wconf 90' lang='lat' dir='ltr'>senatus</span> <span class='ocrx_word' id='word_1_186' title='bbox 945 1666 1020 1703; x_wconf 88' lang='lat' dir='ltr'>aut</span> <span class='ocrx_word' id='word_1_187' title='bbox 1038 1663 1219 1716; x_wconf 89' lang='lat' dir='ltr'>populus</span> <span class='ocrx_word' id='word_1_188' title='bbox 1242 1662 1453 1716; x_wconf 87' lang='lat' dir='ltr'>pertinere</span> 
     </span>
     <span class='ocr_line' id='line_1_33' title="bbox 194 1719 1454 1775; baseline -0.001 -13"><span class='ocrx_word' id='word_1_189' title='bbox 194 1721 237 1762; x_wconf 88' lang='lat' dir='ltr'>id</span> <span class='ocrx_word' id='word_1_190' title='bbox 257 1721 309 1763; x_wconf 89' lang='lat' dir='ltr'>ad</span> <span class='ocrx_word' id='word_1_191' title='bbox 328 1736 416 1762; x_wconf 83' lang='lat' dir='ltr'>rem</span> <span class='ocrx_word' id='word_1_192' title='bbox 435 1721 650 1775; x_wconf 89' lang='lat' dir='ltr'>publicam</span> <span class='ocrx_word' id='word_1_193' title='bbox 676 1720 935 1761; x_wconf 84' lang='lat' dir='ltr'>existimavit</span> <span class='ocrx_word' id='word_1_194' title='bbox 947 1735 1009 1761; x_wconf 87' lang='lat'>—-:</span> <span class='ocrx_word' id='word_1_195' title='bbox 1030 1723 1076 1761; x_wconf 89' lang='lat' dir='ltr'>ut</span> <span class='ocrx_word' id='word_1_196' title='bbox 1095 1723 1218 1774; x_wconf 86' lang='lat' dir='ltr'>rapta</span> <span class='ocrx_word' id='word_1_197' title='bbox 1231 1719 1454 1774; x_wconf 85' lang='lat' dir='ltr'>repudiare</span> 
     </span>
     <span class='ocr_line' id='line_1_34' title="bbox 195 1777 1454 1834; baseline -0.002 -13"><span class='ocrx_word' id='word_1_198' title='bbox 195 1780 396 1834; x_wconf 70' lang='lat' dir='ltr'>coegerit,</span> <span class='ocrx_word' id='word_1_199' title='bbox 435 1781 483 1820; x_wconf 90' lang='lat' dir='ltr'>ut</span> <span class='ocrx_word' id='word_1_200' title='bbox 513 1779 607 1834; x_wconf 88' lang='lat' dir='ltr'>cogi</span> <span class='ocrx_word' id='word_1_201' title='bbox 637 1792 801 1833; x_wconf 87' lang='lat' dir='ltr'>posses,</span> <span class='ocrx_word' id='word_1_202' title='bbox 838 1780 885 1819; x_wconf 87' lang='lat' dir='ltr'>tu</span> <span class='ocrx_word' id='word_1_203' title='bbox 917 1777 1068 1819; x_wconf 81' lang='lat' dir='ltr'>fecisti.</span> <span class='ocrx_word' id='word_1_204' title='bbox 1129 1780 1171 1819; x_wconf 90' lang='lat' dir='ltr'>et</span> <span class='ocrx_word' id='word_1_205' title='bbox 1201 1778 1342 1832; x_wconf 80' lang='lat' dir='ltr'>ipsum</span> <span class='ocrx_word' id='word_1_206' title='bbox 1371 1777 1454 1819; x_wconf 88' lang='lat' dir='ltr'>hoc</span> 
     </span>
     <span class='ocr_line' id='line_1_35' title="bbox 196 1835 1454 1891; baseline -0.002 -13"><span class='ocrx_word' id='word_1_207' title='bbox 196 1837 360 1891; x_wconf 88' lang='lat' dir='ltr'>repudii</span> <span class='ocrx_word' id='word_1_208' title='bbox 391 1839 558 1891; x_wconf 85' lang='lat' dir='ltr'>tempus</span> <span class='ocrx_word' id='word_1_209' title='bbox 590 1837 699 1878; x_wconf 88' lang='lat' dir='ltr'>male</span> <span class='ocrx_word' id='word_1_210' title='bbox 725 1838 956 1890; x_wconf 90' lang='lat' dir='ltr'>computas.</span> <span class='ocrx_word' id='word_1_211' title='bbox 990 1839 1091 1878; x_wconf 85' lang='lat' dir='ltr'>tunc</span> <span class='ocrx_word' id='word_1_212' title='bbox 1116 1835 1381 1890; x_wconf 83' lang='lat' dir='ltr'>repudiatam</span> <span class='ocrx_word' id='word_1_213' title='bbox 1405 1838 1454 1876; x_wconf 85' lang='lat' dir='ltr'>tu</span> 
     </span>
     <span class='ocr_line' id='line_1_36' title="bbox 197 1892 1453 1949; baseline -0.002 -13"><span class='ocrx_word' id='word_1_214' title='bbox 197 1895 331 1937; x_wconf 86' lang='lat' dir='ltr'>credis</span> <span class='ocrx_word' id='word_1_215' title='bbox 363 1909 548 1949; x_wconf 86' lang='lat' dir='ltr'>uxorem,</span> <span class='ocrx_word' id='word_1_216' title='bbox 579 1909 673 1936; x_wconf 92' lang='lat' dir='ltr'>cum</span> <span class='ocrx_word' id='word_1_217' title='bbox 703 1908 770 1935; x_wconf 90' lang='lat' dir='ltr'>res</span> <span class='ocrx_word' id='word_1_218' title='bbox 802 1908 900 1935; x_wconf 88' lang='lat' dir='ltr'>suas</span> <span class='ocrx_word' id='word_1_219' title='bbox 929 1893 1011 1935; x_wconf 91' lang='lat' dir='ltr'>sibi</span> <span class='ocrx_word' id='word_1_220' title='bbox 1034 1893 1192 1935; x_wconf 82' lang='lat' dir='ltr'>habere</span> <span class='ocrx_word' id='word_1_221' title='bbox 1217 1893 1334 1935; x_wconf 89' lang='lat' dir='ltr'>iussa</span> <span class='ocrx_word' id='word_1_222' title='bbox 1359 1892 1453 1934; x_wconf 77' lang='lat' dir='ltr'>est?</span> 
     </span>
     <span class='ocr_line' id='line_1_37' title="bbox 200 1951 1454 2008; baseline -0.002 -14"><span class='ocrx_word' id='word_1_223' title='bbox 200 1967 294 1994; x_wconf 83' lang='lat' dir='ltr'>cum</span> <span class='ocrx_word' id='word_1_224' title='bbox 315 1953 459 2008; x_wconf 85' lang='lat' dir='ltr'>egredi</span> <span class='ocrx_word' id='word_1_225' title='bbox 479 1953 528 1994; x_wconf 91' lang='lat' dir='ltr'>de</span> <span class='ocrx_word' id='word_1_226' title='bbox 544 1952 667 1994; x_wconf 91' lang='lat' dir='ltr'>domo</span> <span class='ocrx_word' id='word_1_227' title='bbox 679 1952 771 1993; x_wconf 84' lang='lat'>?-:</span> <span class='ocrx_word' id='word_1_228' title='bbox 790 1966 963 1994; x_wconf 81' lang='lat' dir='ltr'>uxorem</span> <span class='ocrx_word' id='word_1_229' title='bbox 982 1954 1082 1993; x_wconf 87' lang='lat' dir='ltr'>tunc</span> <span class='ocrx_word' id='word_1_230' title='bbox 1099 1951 1345 2006; x_wconf 85' lang='lat' dir='ltr'>repudiasti,</span> <span class='ocrx_word' id='word_1_231' title='bbox 1358 1965 1454 1992; x_wconf 90' lang='lat' dir='ltr'>cum</span> 
     </span>
    </p>
   </div>
   <div class='ocr_carea' id='block_1_11' title="bbox 194 2042 1456 2265">
    <p class='ocr_par' dir='ltr' id='par_1_12' title="bbox 194 2042 1456 2265">
     <span class='ocr_line' id='line_1_38' title="bbox 287 2042 1454 2090; baseline -0.002 -12"><span class='ocrx_word' id='word_1_232' title='bbox 287 2047 309 2078; x_wconf 87' lang='lat'>4</span> <span class='ocrx_word' id='word_1_233' title='bbox 335 2043 565 2078; x_wconf 83' lang='lat' dir='ltr'>necessitatis</span> <span class='ocrx_word' id='word_1_234' title='bbox 590 2047 616 2076; x_wconf 78' lang='grc' dir='ltr'><strong><em>Ρ</em></strong></span> <span class='ocrx_word' id='word_1_235' title='bbox 648 2045 660 2088; x_wconf 77' lang='grc' dir='ltr'>ΙΙ</span> <span class='ocrx_word' id='word_1_236' title='bbox 697 2042 878 2090; x_wconf 82' lang='lat' dir='ltr'>fec&lt;er&gt;it</span> <span class='ocrx_word' id='word_1_237' title='bbox 901 2042 959 2078; x_wconf 82' lang='lat' dir='ltr'>Ro</span> <span class='ocrx_word' id='word_1_238' title='bbox 988 2044 1000 2086; x_wconf 80' lang='lat' dir='ltr'>fl</span> <span class='ocrx_word' id='word_1_239' title='bbox 1032 2046 1051 2077; x_wconf 79' lang='lat'>7</span> <span class='ocrx_word' id='word_1_240' title='bbox 1076 2042 1245 2077; x_wconf 88' lang='lat' dir='ltr'>relictum</span> <span class='ocrx_word' id='word_1_241' title='bbox 1269 2044 1295 2075; x_wconf 82' lang='lat' dir='ltr'>B</span> <span class='ocrx_word' id='word_1_242' title='bbox 1325 2043 1338 2085; x_wconf 78' lang='grc' dir='ltr'>ΙΙ</span> <span class='ocrx_word' id='word_1_243' title='bbox 1367 2044 1388 2074; x_wconf 86' lang='grc'>8</span> <span class='ocrx_word' id='word_1_244' title='bbox 1415 2051 1454 2076; x_wconf 86' lang='lat' dir='ltr'>se</span> 
     </span>
     <span class='ocr_line' id='line_1_39' title="bbox 194 2087 1455 2135; baseline -0.002 -10"><span class='ocrx_word' id='word_1_245' title='bbox 194 2101 281 2125; x_wconf 87' lang='lat' dir='ltr'>mer.</span> <span class='ocrx_word' id='word_1_246' title='bbox 307 2093 336 2123; x_wconf 99' lang='lat' dir='ltr'>A</span> <span class='ocrx_word' id='word_1_247' title='bbox 355 2091 366 2133; x_wconf 89' lang='grc' dir='ltr'>ΙΙ</span> <span class='ocrx_word' id='word_1_248' title='bbox 387 2094 427 2124; x_wconf 89' lang='grc'>11</span> <span class='ocrx_word' id='word_1_249' title='bbox 456 2089 595 2124; x_wconf 86' lang='lat' dir='ltr'>nullum</span> <span class='ocrx_word' id='word_1_250' title='bbox 623 2092 708 2123; x_wconf 78' lang='lat' dir='ltr'>AaB</span> <span class='ocrx_word' id='word_1_251' title='bbox 737 2091 750 2134; x_wconf 80' lang='grc' dir='ltr'>ΙΙ</span> <span class='ocrx_word' id='word_1_252' title='bbox 770 2093 812 2124; x_wconf 81' lang='lat'>12</span> <span class='ocrx_word' id='word_1_253' title='bbox 837 2088 966 2135; x_wconf 84' lang='lat' dir='ltr'>(aliud</span> <span class='ocrx_word' id='word_1_254' title='bbox 990 2087 1263 2134; x_wconf 84' lang='lat' dir='ltr'>necessarium)</span> <span class='ocrx_word' id='word_1_255' title='bbox 1287 2088 1362 2123; x_wconf 78' lang='lat' dir='ltr'>Aer</span> <span class='ocrx_word' id='word_1_256' title='bbox 1379 2087 1391 2131; x_wconf 86' lang='grc' dir='ltr'>ΙΙ</span> <span class='ocrx_word' id='word_1_257' title='bbox 1412 2091 1455 2122; x_wconf 86' lang='grc'>16</span> 
     </span>
     <span class='ocr_line' id='line_1_40' title="bbox 194 2134 1456 2180; baseline -0.002 -9"><span class='ocrx_word' id='word_1_258' title='bbox 194 2138 282 2171; x_wconf 82' lang='lat' dir='ltr'>tunc</span> <span class='ocrx_word' id='word_1_259' title='bbox 308 2136 464 2171; x_wconf 85' lang='lat' dir='ltr'>cessario</span> <span class='ocrx_word' id='word_1_260' title='bbox 490 2139 535 2180; x_wconf 81' lang='lat' dir='ltr'>A,</span> <span class='ocrx_word' id='word_1_261' title='bbox 561 2147 656 2170; x_wconf 88' lang='lat' dir='ltr'>nunc</span> <span class='ocrx_word' id='word_1_262' title='bbox 681 2137 884 2171; x_wconf 87' lang='lat' dir='ltr'>necessario</span> <span class='ocrx_word' id='word_1_263' title='bbox 913 2138 938 2168; x_wconf 83' lang='grc' dir='ltr'><strong>Β</strong></span> <span class='ocrx_word' id='word_1_264' title='bbox 963 2136 976 2179; x_wconf 74' lang='lat' dir='ltr'>fl</span> <span class='ocrx_word' id='word_1_265' title='bbox 1000 2139 1045 2170; x_wconf 83' lang='lat'>24</span> <span class='ocrx_word' id='word_1_266' title='bbox 1070 2137 1171 2178; x_wconf 74' lang='lat' dir='ltr'>coeg.</span> <span class='ocrx_word' id='word_1_267' title='bbox 1197 2145 1308 2178; x_wconf 88' lang='lat' dir='ltr'>quare</span> <span class='ocrx_word' id='word_1_268' title='bbox 1333 2136 1363 2167; x_wconf 87' lang='lat' dir='ltr'>A</span> <span class='ocrx_word' id='word_1_269' title='bbox 1380 2134 1393 2178; x_wconf 90' lang='grc' dir='ltr'>ΙΙ</span> <span class='ocrx_word' id='word_1_270' title='bbox 1411 2137 1456 2168; x_wconf 79' lang='grc'>25</span> 
     </span>
     <span class='ocr_line' id='line_1_41' title="bbox 194 2179 1455 2227; baseline -0.003 -9"><span class='ocrx_word' id='word_1_271' title='bbox 194 2183 279 2218; x_wconf 85' lang='lat' dir='ltr'>alii</span> <span class='ocrx_word' id='word_1_272' title='bbox 305 2186 334 2215; x_wconf 90' lang='lat' dir='ltr'>A</span> <span class='ocrx_word' id='word_1_273' title='bbox 353 2183 364 2226; x_wconf 84' lang='grc' dir='ltr'>Ι]</span> <span class='ocrx_word' id='word_1_274' title='bbox 383 2182 447 2216; x_wconf 87' lang='lat' dir='ltr'>alii</span> <span class='ocrx_word' id='word_1_275' title='bbox 472 2185 512 2226; x_wconf 89' lang='lat' dir='ltr'>A,</span> <span class='ocrx_word' id='word_1_276' title='bbox 539 2181 678 2227; x_wconf 88' lang='lat' dir='ltr'>aliquid</span> <span class='ocrx_word' id='word_1_277' title='bbox 703 2184 729 2215; x_wconf 84' lang='lat' dir='ltr'>B</span> <span class='ocrx_word' id='word_1_278' title='bbox 749 2183 824 2226; x_wconf 68' lang='lat'>1128</span> <span class='ocrx_word' id='word_1_279' title='bbox 849 2183 974 2227; x_wconf 84' lang='lat' dir='ltr'>posset</span> <span class='ocrx_word' id='word_1_280' title='bbox 998 2183 1060 2215; x_wconf 80' lang='lat' dir='ltr'>AB</span> <span class='ocrx_word' id='word_1_281' title='bbox 1080 2182 1093 2225; x_wconf 83' lang='lat' dir='ltr'>ss</span> <span class='ocrx_word' id='word_1_282' title='bbox 1117 2183 1160 2216; x_wconf 90' lang='grc'>30</span> <span class='ocrx_word' id='word_1_283' title='bbox 1184 2179 1311 2215; x_wconf 86' lang='lat' dir='ltr'>haberi</span> <span class='ocrx_word' id='word_1_284' title='bbox 1335 2181 1455 2224; x_wconf 69' lang='lat'><strong>31131</strong></span> 
     </span>
     <span class='ocr_line' id='line_1_42' title="bbox 194 2230 441 2265; baseline -0.016 0"><span class='ocrx_word' id='word_1_285' title='bbox 194 2230 240 2265; x_wconf 87' lang='lat' dir='ltr'>de</span> <span class='ocrx_word' id='word_1_286' title='bbox 265 2239 329 2264; x_wconf 88' lang='lat' dir='ltr'>om.</span> <span class='ocrx_word' id='word_1_287' title='bbox 357 2231 441 2262; x_wconf 79' lang='lat' dir='ltr'>AaB</span> 
     </span>
    </p>
   </div>
  </div>
 </body>
</html>
