1604 2488
243 111 328 154 266
722 115 1023 157 QUINTILIANI

731 266 1002 312 cccxxll.

557 347 732 392 Abdico
764 350 827 404 tc,
859 350 955 393 nisi
986 349 1178 396 desinis.

240 426 395 470 Stricto
439 428 581 484 gladio
626 432 668 472 et
705 433 877 473 cruento
916 433 1127 486 processit
1166 432 1408 478 adulescens
1453 451 1499 479 m

357 487 598 529 contionem
631 490 673 529 et
699 489 829 543 dixitj
848 490 1033 531 occisum
1059 505 1084 532 a
1109 505 1153 532 se
1177 493 1353 549 patrem,
1385 493 1498 548 quod

193 556 213 588 5
358 545 409 586 ab
448 559 496 587 eo
537 547 731 600 tyrannis
776 547 1070 590 adfectaretur.
1130 547 1342 602 perduxit
1362 551 1497 607 magi-

359 606 540 645 stratum
572 604 617 645 in
644 604 832 660 domum,
865 605 1052 648 ostendit
1080 609 1331 662 apparatum
1354 610 1497 664 tyran·

355 660 476 703 nidis.
538 676 633 703 cum
674 666 940 706 excuteretur
971 678 1140 719 corpus,
1170 665 1367 719 inventae
1397 671 1498 710 sunt

354 719 541 761 tabellae
573 720 625 762 ad
656 721 800 776 filium,
832 721 876 763 in
895 722 1048 777 quibus
1074 725 1165 764 erat
1188 722 1286 766 hoc:
1304 723 1495 771 »abdico

353 779 414 830 te,
451 778 534 819 nisi
573 777 748 832 desinis,
792 781 834 821 et
871 780 907 822 si
939 780 1258 835 contradixeris,
1298 775 1495 834 indicabo

170 849 211 881 10
355 849 545 877 causas«.
576 850 671 878 reus
698 840 763 879 est
786 837 952 880 iuvenis
982 838 1218 885 adfectatae
1243 838 1495 894 tyrannidis.

745 953 983 997 SERMO.

324 1032 443 1082 Quod
473 1033 584 1075 circa
611 1035 907 1088 probationem
932 1036 1122 1078 criminis
1146 1036 1393 1079 huiusmodi
1418 1037 1498 1079 dif-

235 1091 472 1132 ficillimum
504 1092 613 1133 solet
639 1106 742 1146 esse,
773 1095 934 1135 certum
954 1096 1035 1136 est:
1065 1094 1324 1136 adfectatam
1348 1097 1494 1149 tyran-

235 1149 393 1202 nidem3
430 1151 593 1191 certum
631 1153 696 1191 est
733 1150 988 1193 adfectatam
1027 1165 1118 1193 esse
1154 1152 1199 1193 in
1238 1152 1319 1194 hac
1348 1153 1495 1195 domo:

163 1221 205 1253 15
235 1207 454 1261 omnisque
475 1221 523 1248 eo
544 1207 765 1250 deducitur
784 1209 989 1262 quaestio,
1013 1211 1061 1251 ut
1079 1209 1326 1264 dispiciatisj
1350 1213 1495 1253 utrum

234 1279 260 1306 a
287 1267 410 1319 patre
442 1265 581 1320 huius,
613 1281 668 1308 an
699 1266 752 1308 ab
785 1266 865 1308 hoc
897 1267 953 1308 sit
984 1267 1210 1310 adfectata.

611 1404 1109 1460 <DECLAMATIO>

316 1485 437 1528 Nihil
481 1487 530 1528 de
579 1487 768 1528 moribus
817 1487 941 1530 huius
986 1487 1123 1530 adhuc
1167 1489 1279 1532 dico:
1329 1491 1497 1534 aetates

230 1547 491 1598 comparate:
537 1558 664 1586 senex
701 1545 774 1587 ille
806 1547 848 1587 et
879 1546 1032 1588 aetatis
1065 1549 1236 1590 exactae
1268 1561 1396 1602 quam
1425 1562 1498 1591 ra-.

160 1619 210 1651 20v
230 1602 393 1644 tionem
431 1602 707 1644 adfectandae
745 1603 983 1657 tyrannidis
1020 1604 1200 1646 habuit?
1259 1605 1344 1648 nisi
1378 1604 1490 1648 forte

229 1662 405 1714 propter
435 1660 569 1701 filium
600 1660 680 1701 hoc
705 1661 816 1702 fecit.
860 1661 929 1702 hic
954 1661 1205 1705 adulescens
1224 1665 1300 1705 est.
1344 1677 1489 1706 omnes

229 1717 500 1773 cupiditates,
538 1732 683 1759 omnes
721 1719 906 1773 impetus
944 1719 988 1759 in
1024 1719 1105 1761 hac
1143 1723 1283 1762 aetate
1319 1721 1487 1762 facilius

228 1775 537 1818 convalescunt.
587 1779 653 1818 est
683 1776 891 1830 quaedam
921 1779 1145 1831 praeterea
1174 1778 1285 1820 ratio
1317 1778 1487 1820 sceleris

229 1830 285 1888 (si
315 1833 397 1876 hoc
426 1836 572 1875 tamen
602 1848 756 1875 nomen
794 1834 994 1887 [n]ullum
1031 1836 1188 1890 accipit
1224 1834 1401 1892 scelus):
1444 1835 1489 1877 id

159 1909 203 1940 25
228 1892 468 1947 temptavit,
499 1905 581 1946 quo
612 1891 695 1933 frui
726 1892 796 1934 diu
826 1894 982 1947 posset.
1282 1904 1284 1906 “

317 1949 433 1992 Haec
465 1951 653 1992 aetatum
685 1950 965 2006 comparatio,
995 1951 1071 1993 illa
1103 1950 1352 1994 animorum.
1413 1951 1492 1994 Pa-

326 2079 345 2110 5
372 2075 570 2110 tirannis
596 2078 626 2109 A
643 2077 655 2121 ΙΙ
676 2080 716 2110 11
744 2076 973 2111 Declamatio
999 2079 1082 2120 AB,
1108 2087 1197 2113 corr.
1225 2076 1282 2112 Ro
1306 2077 1318 2121 ΙΙ
1344 2080 1386 2111 13
1413 2086 1491 2112 esse

237 2126 295 2162 )()(
314 2122 455 2156 certum
480 2125 508 2155 A
536 2123 547 2167 ΙΙ
578 2125 619 2157 16
646 2122 723 2157 eius
748 2125 800 2156 Aa.
827 2124 839 2167 ΙΙ
868 2127 910 2158 17
935 2122 1219 2169 <Declamatio>
1243 2122 1300 2158 Ro
1318 2124 1330 2168 u
1351 2126 1392 2156 19
1419 2133 1493 2157 ex-

242 2169 351 2203 acta
381 2170 411 2201 A
441 2170 452 2213 ss
483 2173 525 2203 21
558 2169 628 2204 hoc
657 2168 774 2203 filium
804 2171 887 2213 AB,
918 2169 988 2204 hoc
1018 2169 1142 2205 stilum
1172 2172 1197 2202 Ρ
1226 2169 1238 2213 ΙΙ
1267 2172 1312 2204 24
1341 2169 1492 2214 nomen]

243 2214 314 2249 hoc
331 2217 358 2247 B
377 2216 389 2258 ΙΙ
410 2214 583 2296 [ὁηυῌωη
603 2215 656 2250 Gr
674 2217 686 2259 ΙΙ
705 2215 846 2260 accepit
863 2219 890 2251 Δ
902 2218 939 2259 Β,
965 2226 1055 2251 corr.
1075 2215 1128 2251 Gr
1145 2216 1156 2259 ΙΙ
1175 2218 1219 2250 25
1244 2215 1274 2250 is
1297 2215 1499 2260 temptavit

236 2261 299 2304 qui
324 2264 383 2296 etc.
446 2272 466 2296 r
