1578 2470
398 105 824 144 DECLAMATIONES.
860 105 1080 142 CCCXLIX.
1299 104 1386 147 375

101 217 258 261 merito
296 217 554 260 contemnis:
593 217 769 259 flentem
813 212 1049 270 aliquando
1092 213 1260 268 vidisti3
1298 230 1388 258 non

102 277 284 320 auderes
318 290 519 319 accusare
557 279 739 331 patrem,
778 275 815 317 si
852 274 1041 317 timeres.
1102 276 1168 330 tu,
1212 275 1250 317 si
1282 274 1386 318 inci-

101 337 236 379 disses
276 335 380 392 <in>
418 335 561 390 illum,
608 335 681 391 qui
723 333 921 377 laudatas
966 334 1047 376 filii
1092 333 1159 376 sui
1197 334 1385 378 cervices

103 396 364 452 amputavit,
405 396 442 438 si
473 395 697 438 incidisses
730 394 776 436 in
806 393 947 447 illum,
982 393 1056 449 qui
1086 393 1257 436 iudiciis
1289 409 1387 450 pro-

101 456 363 511 pinquorum
402 457 532 510 atque
565 452 802 497 amicorum
834 455 1062 496 contentus
1093 453 1196 509 fuit,
1235 454 1388 508 opinor
1414 464 1435 495 5

103 514 331 557 habuisses
363 516 536 569 tempus
569 513 788 569 querendi:
824 513 1053 555 habuisses
1085 514 1269 568 tempus,
1300 528 1389 556 non

102 574 196 617 dico
241 573 458 616 deferendi
498 576 685 629 patrem,
730 572 804 615 sed
842 572 1003 615 diutius
1034 572 1249 629 rogandi?
1322 573 1388 615 illi

101 643 199 676 ‘vere
237 633 372 676 fortes
405 635 448 675 et
479 632 562 676 viri
594 633 787 684 fuerunt,
826 632 900 687 qui
932 646 1029 674 cum
1055 632 1138 674 hoc
1170 633 1387 675 meminis-

101 695 215 746 sent,
259 692 422 735 liberos
461 707 486 734 a
523 706 567 734 se
604 692 666 734 rei
702 691 903 747 publicae
942 692 1085 748 gratia
1122 695 1388 747 procreatos,

99 752 211 794 bene
243 751 418 806 inpendi
452 751 724 794 crediderunt
749 751 957 806 exemplo.
1011 764 1090 807 ego
1117 753 1263 794 tacere
1288 766 1386 794 con·
1416 763 1460 795 10

99 813 247 854 tentus
281 826 387 866 sum,
420 825 517 854 cum
549 811 719 854 exorari
750 811 942 854 debeam.
989 810 1050 853 sic
1082 811 1175 866 agis
1208 826 1388 866 mecum,

98 873 325 926 tamquam
357 871 502 925 etiam,
534 870 572 913 si
602 870 862 926 praestitero
894 870 994 925 tibi,
1026 870 1126 926 plus
1159 870 1236 912 alii
1270 870 1387 913 debi-

97 931 221 972 turus
254 930 326 972 sis.
362 926 648 984 'confutabit,
686 930 855 985 opinor,
894 929 1214 985 indulgentiam
1246 944 1388 972 meam

98 989 172 1030 ille
205 989 370 1043 melior,
402 989 476 1030 ille
507 989 666 1031 mitior.
712 1002 791 1045 ego
824 1003 926 1032 vero
952 989 1123 1031 facilius
1149 989 1387 1045 frangerer,

99 1048 135 1089 si
167 1047 243 1090 ille
274 1048 544 1091 irasceretur.
587 1048 755 1103 aliquis,
784 1063 881 1090 cum
906 1048 999 1091 filia
1023 1047 1140 1091 illius
1166 1050 1295 1104 rapta
1321 1049 1389 1104 sit,
1418 1061 1460 1092 15

96 1109 188 1149 tam
222 1107 309 1150 cito
342 1110 543 1150 exoratus
577 1107 671 1150 est?
724 1108 819 1163 quis
854 1110 921 1150 est
952 1108 1026 1150 ille
1059 1109 1149 1150 tam
1182 1107 1387 1151 demens?

97 1165 202 1221 quid
233 1169 300 1209 est
330 1166 462 1219 istud,
494 1167 607 1222 quod
637 1167 759 1210 vobis
793 1167 977 1209 nimium
1010 1168 1241 1210 convenit?
1286 1168 1389 1223 quid

98 1227 165 1267 est
198 1225 333 1279 istud,
373 1225 488 1281 quod
528 1226 602 1268 ille
635 1241 680 1268 se
712 1226 927 1282 accepisse
959 1226 1163 1269 iniuriam
1195 1241 1283 1269 non
1313 1243 1389 1283 pu-

94 1284 190 1326 tat?
237 1284 351 1339 quod
383 1285 530 1327 omnia
563 1285 624 1327 sic
656 1285 760 1341 agit,
791 1285 1172 1341 tamquam<non>
1185 1290 1388 1329 exoratus

97 1346 199 1386 ante
235 1344 503 1386 tricesimum
535 1345 687 1387 diem?
1413 1357 1458 1389 20

185 1403 325 1458 „Quid
356 1403 491 1459 ergo?
530 1404 690 1460 inquit3
723 1403 945 1446 occides?“
1007 1403 1174 1460 Debeo,
1214 1405 1251 1447 si
1284 1405 1386 1461 quid

96 1461 142 1503 in
185 1476 255 1504 me
296 1462 429 1505 fuerit
465 1463 593 1505 fortis
633 1463 786 1518 animi,
832 1463 869 1505 si
908 1463 1011 1518 quid
1042 1463 1215 1506 virtutis
1247 1464 1386 1507 incor-

95 1523 265 1577 ruptae:
296 1521 473 1565 faciam:
505 1522 630 1565 duret
654 1523 956 1565 tantummodo
984 1523 1171 1579 animus3
1202 1537 1290 1566 non
1317 1524 1385 1566 de-

94 1580 252 1637 ficiam,
282 1595 370 1624 non
401 1581 617 1624 deflectar.
662 1582 900 1624 etiamnum
932 1582 1060 1625 fortis
1088 1598 1202 1638 sum3
1236 1584 1384 1626 etiam-

94 1655 201 1683 num
225 1655 354 1696 posse
379 1641 546 1684 videor:
574 1642 648 1684 sed
675 1644 910 1697 supersunt
934 1642 1036 1684 dies.
1079 1657 1167 1685 non
1186 1642 1387 1686 blandior
1412 1654 1458 1686 25

93 1699 196 1742 tibi:
240 1700 397 1743 cotidie
438 1715 508 1743 me
546 1701 701 1744 hortor
739 1704 782 1743 et
819 1701 982 1757 instigo
1017 1702 1209 1744 animum
1241 1717 1387 1745 meum

96 1762 140 1800 et
171 1761 313 1802 totam
345 1760 519 1803 sceleris
553 1761 616 1803 tui
648 1760 971 1803 deformitatem
1005 1776 1119 1816 pono
1152 1765 1254 1805 ante
1287 1776 1387 1805 ocu-

93 1818 160 1860 los
195 1821 238 1861 et
267 1818 375 1861 illud
405 1820 549 1862 nescio
583 1820 698 1876 quid,
731 1820 846 1876 quod
877 1821 1151 1875 persuasioni
1182 1836 1304 1864 meae
1325 1836 1388 1864 re-

97 1879 282 1933 pugnat,
313 1878 413 1921 volo
445 1879 710 1934 perdomare.
760 1881 868 1922 bene
900 1879 1020 1936 facis,
1053 1880 1167 1935 quod
1199 1895 1389 1924 accusas.

193 1975 214 2006 3
239 1969 336 2019 (in)
359 1971 437 2007 Aer
454 1972 466 2016 ΙΙ
485 1972 541 2007 tui
566 1975 593 2006 B
612 1973 624 2017 ΙΙ
644 1976 664 2007 5
684 1974 918 2008 commentus
937 1976 964 2007 B
983 1976 996 2018 ΙΙ
1016 1978 1035 2009 7
1063 1974 1226 2010 defero
1246 1978 1275 2009 A
1294 1977 1306 2022 ss
1326 1975 1387 2010 dic

93 2017 151 2053 ius
179 2020 208 2052 Β
241 2019 253 2063 fl
284 2021 306 2053 8
332 2020 390 2054 set
415 2022 445 2052 A
475 2020 488 2064 ΙΙ
521 2023 562 2055 17
589 2019 708 2064 *quid
740 2022 798 2055 est
829 2021 921 2055 illud
956 2021 1058 2066 quod
1091 2021 1198 2058 nobis
1228 2022 1388 2058 nimium

95 2067 154 2110 (-—
178 2065 375 2100 minimum
399 2065 474 2101 Aer
496 2070 553 2110 —-)
580 2067 756 2102 convenit
779 2070 825 2113 Β,
851 2079 918 2104 om.
945 2071 975 2102 A
993 2070 1005 2114 ΙΙ
1026 2069 1109 2113 quis
1135 2072 1166 2104 A
1184 2071 1197 2115 ΙΙ
1218 2073 1261 2105 18
1288 2070 1386 2106 acci-

93 2111 196 2158 pisse
224 2115 254 2148 A
272 2115 285 2158 ss
306 2117 348 2148 19
375 2114 476 2158 quod
502 2125 563 2149 om
590 2114 644 2149 sic
671 2117 701 2148 A
719 2115 731 2160 ΙΙ
751 2119 795 2150 19
821 2114 951 2163 (non)
976 2116 1035 2152 Ro
1053 2118 1066 2162 ΙΙ
1085 2121 1130 2152 20
1161 2118 1270 2154 verba
1295 2120 1384 2154 ante

86 2159 326 2204 *tricesimum
358 2161 458 2196 diem
489 2162 660 2198 videntur
691 2174 715 2198 a
739 2163 861 2198 scriba
893 2175 911 2199 e
936 2164 1086 2200 themate
1110 2166 1266 2201 inducta
1296 2167 1309 2210 ss
1340 2169 1386 2201 20

91 2207 344 2243 tricensimum
369 2211 417 2252 A,
455 2208 693 2254 trigesimum
717 2213 744 2244 Β
769 2211 781 2255 ΙΙ
810 2214 854 2245 21
883 2211 1023 2246 occidis
1048 2214 1074 2246 Β
1094 2214 1170 2258 1123
1197 2212 1332 2248 animis
1358 2216 1385 2247 B

95 2258 168 2288 —P
187 2257 201 2300 ΙΙ
220 2259 362 2291 23-24
387 2256 572 2291 defaeiam
598 2259 629 2291 A
646 2258 659 2302 ΙΙ
678 2260 724 2292 24
750 2257 857 2293 fortis
877 2259 976 2305 sum]
998 2259 1246 2295 fortissimum
1272 2263 1359 2295 AaB
1374 2260 1386 2307 ΙΙ

93 2304 240 2337 24-25
266 2304 481 2338 etiamnunc
506 2305 629 2348 31127
655 2306 794 2340 tortam
820 2309 884 2340 AB
904 2307 980 2351 1129
1007 2307 1107 2351 quod
1132 2318 1200 2344 om.
1226 2311 1252 2341 Β
