1586 2476
149 767 191 797 10

148 1055 190 1087 15

146 1345 191 1376 20

144 1633 191 1666 25

216 127 274 169 54
695 124 990 171 QUINTILIANJ

217 234 370 276 simum
388 235 535 276 vulnus
556 237 599 276 et
618 235 775 276 crimen
794 235 1053 276 inurebatur.
1083 234 1171 276 iam
1185 234 1321 290 video,
1340 249 1468 291 quare

215 306 302 334 non
344 292 533 334 cesseris.
590 292 671 334 hoc
713 292 794 334 tibi
834 292 1021 346 praemio
1064 292 1199 334 maius
1235 292 1470 347 videbatur,

216 350 425 392 committi
456 365 550 392 cum
580 353 700 404 patre
726 354 769 392 et
793 350 1067 404 parricidium
1090 349 1227 392 facete
1251 350 1358 406 iure3
1390 351 1469 393 hoc

216 408 406 461 profecto
445 408 574 450 etiam
610 408 654 449 in
692 409 778 450 acie
817 407 991 460 [facere]
1030 408 1230 462 cogitasti
1266 411 1326 463 et,
1375 423 1470 451 cum

216 466 440 507 imitareris
466 466 666 507 virtutem
698 480 848 519 meam,
878 480 964 507 non
993 465 1167 519 optandi
1190 466 1269 521 ius,
1300 467 1372 508 sed
1396 481 1470 522 pu-

217 523 375 578 gnandi
406 537 606 578 quaerere
637 523 859 566 videbaris.
909 537 987 579 ego
1019 525 1222 578 quantum
1254 527 1318 566 est
1347 525 1393 566 in
1417 528 1472 578 te,

216 582 260 622 in
297 581 434 623 medio
472 582 565 624 foro
603 585 646 624 et
680 582 879 624 universa
922 583 1140 636 spectante
1182 582 1354 624 civitate
1394 582 1472 624 filii

215 654 345 681 manu
376 640 610 681 trucidatus
641 654 734 681 sum
764 640 841 694 vel,
871 639 984 693 quod
1015 641 1081 680 est
1105 639 1288 694 gravius,
1319 640 1471 682 occidi:

216 699 263 738 tu
293 698 588 752 perseverasti,
619 711 713 739 cum
743 711 810 738 me
841 711 991 751 cupere
1023 697 1083 739 sic
1108 697 1282 740 videres.
1325 698 1471 740 etiam-

216 769 317 796 num
342 755 573 810 interrogo,
604 758 846 797 staturusne
870 758 1019 797 contra
1041 754 1204 797 fueris?
1234 755 1300 798 dic
1316 757 1470 798 verum!

216 827 315 854 nam
345 813 381 855 si
407 813 548 866 (non)
574 813 695 855 fuisti
719 815 1074 867 perseveraturus,
1104 812 1199 854 vide
1225 827 1280 855 an
1299 814 1471 868 gravius

215 870 345 912 etiam
388 872 547 913 crimen
584 871 660 922 sit,
702 872 815 925 patri
857 885 1053 926 negasse,
1101 870 1212 925 quod
1254 874 1471 925 praestare

214 931 401 982 poteras,
460 929 582 970 Habe
620 943 719 983 ergo
751 929 984 982 praemium
1014 929 1146 982 istud,
1183 931 1471 984 quantumque

215 987 261 1027 in
304 1001 352 1029 eo
397 987 571 1029 honoris
609 990 690 1040 est3
731 987 803 1028 sed
839 989 1061 1029 contentus
1099 988 1191 1028 esto
1231 987 1468 1042 adpellasse

215 1059 305 1086 rem
335 1045 566 1099 publicam:
598 1044 763 1086 discede
794 1044 844 1085 de
875 1044 1000 1087 domo
1031 1057 1136 1086 mea.
1176 1058 1262 1086 non
1291 1045 1378 1086 iam
1409 1045 1470 1086 ul-

214 1102 345 1144 tionis
377 1103 519 1158 gratia
549 1103 671 1154 facio,
703 1103 775 1144 sed
810 1102 939 1144 etiam
965 1101 1223 1144 securitatis:
1255 1102 1470 1145 insomnes

214 1163 361 1202 noctes
405 1174 487 1215 ago
531 1163 574 1202 et
615 1160 668 1202 ad
710 1174 854 1202 omnes
891 1164 1053 1202 terreor
1089 1160 1309 1214 strepitus'3
1352 1161 1471 1202 nulla

216 1218 322 1259 mihi
354 1233 500 1260 secura
526 1233 610 1261 nox
635 1221 717 1260 est:
747 1218 885 1260 habeo
910 1218 954 1259 in
979 1218 1103 1259 domo
1129 1217 1277 1270 filium,
1306 1219 1378 1273 qui
1403 1231 1471 1260 me

215 1276 357 1330 potuit
389 1277 589 1318 occidere.
633 1290 733 1318 nam
763 1276 943 1330 praemii
975 1275 1146 1330 quidem
1176 1275 1318 1329 gratia
1343 1276 1470 1318 strin-

215 1334 348 1375 xisses
385 1334 544 1376 ferrum
581 1338 729 1376 contra
763 1336 928 1388 patrem
967 1338 1009 1375 et
1038 1334 1083 1374 in
1114 1337 1343 1387 conspectu
1374 1333 1471 1375 civi-

215 1392 318 1433 tatis
350 1393 581 1447 populique
612 1392 886 1447 parricidium
916 1391 1100 1442 fecisses,
1129 1393 1178 1432 ut
1201 1390 1323 1432 heres
1347 1391 1472 1434 citius

215 1450 306 1503 fias,
336 1453 384 1491 ut
416 1451 527 1492 bona
557 1465 652 1492 mea
683 1464 879 1504 occupes:
910 1450 1036 1491 homo
1066 1452 1156 1490 tam
1187 1448 1363 1504 cupidus
1387 1463 1473 1491 non

218 1508 392 1549 audebis
423 1508 697 1562 parricidium
729 1508 867 1550 facere
898 1506 1136 1549 secretum?

302 1565 344 1606 N
346 1580 401 1607 on
431 1566 582 1620 ignoro
613 1566 803 1608 omnium
833 1565 932 1614 fere,
965 1564 1037 1619 qui
1068 1564 1330 1617 abdicantur,
1359 1564 1469 1607 hunc

217 1637 310 1664 esse
346 1637 526 1677 morem,
562 1626 611 1664 ut
642 1625 738 1665 acta
768 1623 854 1664 iam
884 1637 1012 1664 causa
1043 1622 1095 1664 ad
1126 1635 1271 1676 preces
1301 1635 1472 1664 conver-

215 1683 362 1723 tantur
399 1684 442 1723 et
481 1682 678 1736 mitigare
721 1683 862 1735 patres
905 1680 1095 1734 rogando
1126 1679 1276 1721 velint:
1319 1679 1473 1722 hocine

214 1741 263 1780 tu
294 1739 480 1793 concipis
513 1740 652 1780 animo
684 1752 809 1793 posse
839 1738 943 1791 fieri,
973 1740 1021 1779 ut
1052 1736 1233 1779 exores?

313 1858 329 1887 1
356 1853 464 1888 funus
490 1855 564 1896 AB,
589 1863 678 1889 corr.
706 1852 779 1887 Obr
796 1853 807 1896 11
827 1852 930 1887 vides
953 1854 1029 1895 ΑΒ,
1053 1862 1143 1887 corr.
1159 1850 1217 1886 Ro
1234 1851 1246 1894 ΙΙ
1265 1853 1287 1885 4
1311 1850 1471 1895 profesto

216 1902 317 1933 B—l’
335 1900 346 1943 ΙΙ
366 1900 518 1945 [facere]
534 1899 604 1934 Βοὴ
620 1901 632 1944 [l
651 1903 671 1933 5
685 1898 839 1934 imitaris
852 1901 878 1931 B
898 1900 909 1944 ΙΙ
929 1902 1018 1933 5-6
1027 1901 1152 1943 pugna
1171 1896 1360 1932 divideba·
1374 1899 1403 1930 Δ
1420 1897 1433 1940 ΙΙ
1452 1900 1472 1932 8

215 1946 381 1981 occidere
406 1949 432 1979 B
451 1947 462 1991 ΙΙ
484 1949 526 1980 10
552 1947 735 2002 staturu'Yf
766 1956 833 1980 nec
858 1946 985 1980 contra
1009 1946 1038 1977 Δ
1056 1944 1067 1987 ΙΙ
1086 1943 1297 1978 *dicturum
1315 1944 1389 1987 AB,
1414 1941 1472 1978 dic

216 2005 354 2038 utrum!
384 2004 468 2046 Obr,
491 2004 659 2047 fortasse:
685 2004 729 2038 st.
756 2014 785 2037 c.
811 2003 921 2037 fueris
947 2001 1204 2037 dimicaturum
1228 2000 1283 2036 vel
1305 2002 1344 2036 et
1367 1999 1474 2035 dimi-

216 2052 362 2084 caturus
382 2052 393 2095 Η
415 2054 454 2085 11
483 2049 630 2096 *<n0n>
648 2051 660 2095 n
682 2054 722 2084 Ν
751 2052 780 2082 Δ
798 2051 809 2094 ῃ
836 2053 877 2084 17
904 2050 1000 2084 noct.
1027 2050 1114 2093 aget
1138 2047 1185 2082 ad
1209 2050 1261 2080 Ab
1279 2048 1291 2092 ΙΙ
1312 2050 1354 2082 19
1379 2046 1472 2099 peti-

216 2096 272 2131 vit
295 2099 322 2130 B
347 2098 359 2141 n
390 2097 569 2132 strixisses
594 2099 635 2139 Δ,
660 2095 848 2130 strinxisse
871 2098 898 2128 B
925 2095 936 2139 11
961 2098 1004 2129 21
1030 2093 1248 2139 populorum
1272 2096 1298 2126 P
1315 2094 1328 2138 ΙΙ
1345 2092 1473 2128 fecisse

216 2143 336 2187 31126
364 2143 431 2177 hoc
458 2145 559 2178 metu
584 2153 683 2178 conc.
709 2144 736 2175 B
761 2143 773 2187 n
797 2145 841 2177 27
867 2141 946 2176 fieri
970 2151 1034 2176 om.
1060 2143 1086 2173 B
