1604 2488
447 102 875 141 DECLAMATIONES.
903 102 1092 141 CCCXVl.
1338 103 1425 146 245

546 237 1000 282 DEOLAMATIO.

217 323 425 368 Nondum
447 322 641 378 privatas
661 337 711 365 ac
730 322 972 378 peculiares
990 321 1268 364 lacrimarum
1287 321 1419 364 reddo

129 398 298 427 causas:
335 383 525 438 interim,
558 382 653 438 quis
684 382 870 424 miratur
900 381 1002 424 flere
1034 380 1288 424 hominem?
1320 380 1421 423 hinc

126 439 313 495 infantia
355 442 527 498 incipit3
574 442 623 484 in
662 441 774 484 hanc
817 441 1124 484 necessitatem
1167 440 1421 496 plerumque

126 502 306 546 fortuna
338 502 523 546 deducit.
569 501 666 558 quis
700 501 814 544 enim
848 504 915 544 est
946 500 1050 557 dies,
1083 500 1158 557 qui
1182 515 1271 543 non
1295 501 1422 542 triste

129 562 294 619 aliquid
333 564 375 604 et
411 554 556 604 flebile
593 561 721 604 nobis
759 560 979 604 minetur?
1024 560 1060 603 si
1091 560 1258 602 nullam
1291 560 1423 602 aliam

127 622 344 666 rationem
376 621 657 665 lacrimarum
689 621 963 675 haberemus,
995 622 1251 675 conspectus
1277 622 1425 662 tamen

127 681 355 724 hominum
382 684 427 724 et
450 681 562 723 ratio
592 680 875 724 mortalitatis
901 683 1078 736 poterat
1103 680 1258 722 elicere
1284 679 1425 722 fletus.

127 741 211 784 hae
249 741 486 796 amicitiae,
522 741 604 783 hae
655 740 1025 796 propinquitates,
1061 739 1109 781 hi
1153 753 1422 796 congressus,

127 801 237 843 haec
270 800 414 844 studia
443 800 679 856 laudesque
705 800 820 842 intra
845 801 972 842 breve
995 799 1206 855 temporis
1227 813 1423 841 momen-

128 863 222 903 tum
249 860 445 903 occident
470 861 599 915 atque
626 860 842 902 labentur.
875 862 1033 915 quotus
1061 859 1242 914 quisque
1262 859 1424 901 transit

129 920 232 975 dies,
265 934 349 976 quo
381 934 470 963 non
501 919 630 961 funus
664 918 957 975 accipiamus?
989 918 1145 974 „Flcns
1177 933 1246 960 me
1279 932 1426 974 seque-

127 980 188 1021 ris
227 981 272 1022 et
304 993 385 1035 per
415 978 639 1034 publicum
673 978 903 1033 sequeris.“
964 992 1054 1020 non
1085 979 1229 1020 totum
1261 977 1425 1020 crimen

128 1038 283 1081 obicis:
324 1038 397 1081 diu
435 1038 519 1081 hoc
557 1041 688 1081 antea
719 1038 836 1080 domi
867 1037 961 1080 feci.
1024 1037 1282 1093 quantulum
1315 1040 1425 1080 tem-

128 1098 248 1154 poris
281 1098 472 1154 spatium
505 1100 591 1154 est,
623 1097 774 1154 quo[d]
806 1097 941 1140 talem
973 1111 1042 1140 me
1074 1097 1223 1140 vides?
1272 1097 1353 1140 fleo
1385 1101 1425 1139 te

130 1159 314 1213 secreto,
350 1157 428 1200 ubi
465 1157 710 1200 cubiculum
748 1160 793 1200 et
829 1172 918 1200 nox
951 1159 994 1199 et
1026 1157 1196 1199 animus
1239 1157 1324 1199 sibi
1360 1171 1426 1199 re-

1451 808 1496 840 10

1453 1107 1495 1138 15

129 1217 260 1260 lictus
306 1216 403 1259 est?
472 1217 609 1272 „flens
632 1225 729 1260 'me
782 1216 1010 1272 sequeris.“
1072 1216 1187 1272 quod
1235 1230 1427 1271 possum.
1485 1234 1492 1237 ·

129 1275 265 1319 miror
309 1275 509 1332 equidem
551 1276 653 1319 illos
690 1276 955 1329 fortissimos
994 1278 1140 1331 patres
1149 1309 1160 1330 ‚
1201 1276 1274 1330 qui
1311 1275 1427 1318 hunc

132 1335 267 1378 animi
298 1335 490 1379 dolorem
523 1336 657 1379 semel
687 1336 887 1379 recidunt
913 1338 956 1378 et
979 1336 1026 1377 in
1050 1336 1298 1378 universum
1324 1335 1427 1377 flere

131 1395 307 1438 definito
335 1395 482 1451 aliquo
509 1395 718 1451 temporis
753 1395 895 1450 spatio
929 1395 1062 1437 semel
1094 1397 1267 1450 queant.
1319 1395 1426 1437 flens

129 1458 175 1497 te
205 1469 284 1510 per
309 1454 531 1510 publicum
558 1469 731 1510 sequor:
764 1455 867 1511 quid
886 1455 1027 1522 ergo?
1059 1469 1149 1497 non
1174 1454 1424 1497 misereris?

132 1514 332 1570 gratulor
363 1514 536 1557 crimini
567 1529 678 1570 meo,
711 1514 749 1556 si
779 1514 908 1557 movi.
954 1515 991 1556 si
1021 1513 1130 1556 haec
1162 1513 1247 1556 tibi
1279 1514 1425 1570 gravis

130 1573 303 1616 videtur
333 1573 517 1629 invidia,
558 1573 660 1630 quid
692 1588 801 1629 opus
834 1576 929 1616 erat
961 1573 1266 1616 accusatione?
1323 1573 1427 1630 quid

130 1633 375 1676 iudicibus?
419 1633 523 1689 quid
553 1633 635 1676 hac
660 1634 919 1689 probatione
946 1633 1220 1676 dementiae?
1272 1648 1426 1676 sanare

131 1707 200 1736 me
231 1695 420 1748 poteras.

219 1751 375 1808 Exigis
406 1754 556 1796 tamen
589 1767 740 1795 causas
772 1752 1053 1795 lacrimarum
1083 1767 1291 1797 mearum.
1336 1768 1426 1796 non

130 1825 199 1854 me
230 1812 417 1867 pecunia
447 1814 610 1855 movet:
658 1812 815 1855 divites
848 1812 1080 1868 aliquando
1112 1813 1293 1869 fuimus3
1336 1827 1426 1856 non

128 1871 234 1914 illos
275 1872 364 1914 late
407 1871 626 1927 quondam
667 1874 869 1927 patentes
909 1885 1040 1928 agros
1080 1872 1293 1927 desidero,
1336 1887 1425 1916 non

131 1930 285 1973 faenus
309 1945 391 1974 nec
411 1932 565 1987 ingens
583 1931 754 1986 pondus
788 1932 970 1987 argenti.
1008 1946 1148 1987 nuper
1176 1932 1267 1974 sine
1294 1932 1424 1975 modo

131 1989 371 2032 desideravi
403 1991 629 2033 vernulam
660 2005 816 2033 meum.

228 2121 249 2153 5
277 2119 335 2154 est
360 2118 459 2154 enim
483 2121 510 2153 B
530 2119 542 2163 ΙΙ
564 2123 583 2154 7
607 2119 757 2154 tantum
782 2122 808 2153 Ρ
827 2120 840 2163 Η
860 2123 879 2155 9
905 2120 1199 2174 propinquitatis
1225 2123 1255 2156 A
1274 2122 1286 2167 ΙΙ
1307 2125 1350 2156 11
1371 2122 1425 2156 la-

129 2164 280 2201 benttus
306 2165 464 2212 quisque
489 2169 543 2200 Aa.
570 2168 583 2211 ss
613 2170 656 2201 15
683 2167 783 2211 quod
807 2169 890 2213 AB,
927 2168 992 2212 qui
1018 2171 1062 2212 Ρ,
1094 2179 1184 2204 corr.
1210 2170 1287 2205 Aer
1305 2170 1318 2214 fl
1336 2169 1424 2204 flere

129 2215 209 2255 AB,
235 2224 327 2250 corr.
354 2213 414 2250 Fr
431 2215 444 2259 ΙΙ
465 2218 507 2249 17
535 2213 709 2250 relictum
734 2217 764 2248 A
783 2215 794 2260 Η
820 2217 878 2250 est
902 2226 969 2252 om.
995 2218 1021 2249 B
1041 2217 1053 2260 ss
1072 2227 1131 2251 me
1157 2227 1223 2252 om.
1251 2219 1281 2250 A
1299 2218 1312 2260 ΙΙ
1331 2216 1424 2261 quid

130 2266 308 2343 possuml‘?
335 2260 407 2297 Βοὴ
431 2264 443 2307 ΙΙ
468 2265 513 2296 23
548 2262 629 2297 erat
653 2261 725 2297 tibi
750 2272 827 2298 acc.
853 2265 905 2297 Ba
935 2263 946 2307 u
974 2263 1252 2327 accusationem
1272 2266 1327 2298 Aa
1345 2267 1358 2308 ss
1378 2267 1423 2299 30

133 2317 271 2343 vernu
299 2319 322 2344 a
346 2311 377 2343 A

1453 1405 1499 1438 20

1454 1703 1498 1735 25

1453 2003 1498 2034 30
