1604 2488
214 767 257 798 10

214 1345 258 1376 20

213 1634 258 1665 25

283 130 369 172 324
761 130 1038 173 QUlNTILIAN
1041 133 1057 167 Ι

282 236 470 278 dicturus
501 235 919 290 fu<er>iffcreditorz
956 239 1150 291 »partem
1181 239 1229 278 tu
1259 237 1386 280 debes
1416 238 1540 280 mihi:

281 294 396 348 patri
426 297 500 335 tuo
532 293 708 348 credidi,
739 295 856 336 ouius
888 309 939 336 ex
969 297 1091 350 parte
1123 295 1298 337 dimidia
1326 295 1450 338 heres
1482 311 1539 338 es.

283 365 409 393 assem
450 365 538 393 non
578 366 753 406 possum
789 367 814 394 a
849 355 892 394 te
932 356 1093 406 petere,
1136 353 1355 395 semissem
1396 356 1538 408 petere

283 411 402 461 [non]
433 424 618 463 possum.
682 424 781 466 ergo
822 410 991 452 etiamsi
1029 411 1304 453 conventione
1336 426 1406 453 aes
1439 412 1541 453 alie-

282 481 382 508 num
414 468 751 510 transferebatur
781 468 892 522 a<d>
917 471 972 522 te,
1002 468 1092 509 iure
1125 471 1271 511 tamen
1295 471 1337 511 et
1362 471 1540 511 veritate

283 528 376 566 erat
407 528 450 567 et
479 540 628 568 meum.
675 527 806 581 igitur
835 527 1006 568 tabulae
1035 540 1170 568 novae
1194 527 1332 568 factae
1356 529 1446 569 tam
1472 542 1540 569 me

283 582 427 624 debito
465 584 581 625 omni
619 584 925 638 liberaverunt,
969 599 1096 638 quam
1131 587 1185 626 te.
1243 584 1287 626 id
1324 585 1438 626 enim
1477 600 1540 628 re-

282 641 501 695 miserunt,
527 642 637 696 quod
663 657 713 684 ex
737 645 858 696 parte
885 658 910 684 a
935 657 1001 683 me
1030 642 1119 697 peti
1138 645 1318 697 poterat,
1343 656 1393 684 ex
1417 645 1539 698 parte

284 713 309 740 a
338 701 392 740 te.

369 755 475 810 „Sed
507 758 673 799 animus
704 761 846 799 tamen
872 757 909 799 is
927 758 1011 799 fuit
1035 757 1150 812 pacti
1173 757 1309 811 huius,
1333 760 1381 799 ut
1403 761 1540 800 totum

283 828 354 856 aes
386 815 571 856 alienum
601 830 742 857 meum
772 814 930 858 fieret.“
989 815 1234 870 spectemus
1266 829 1367 871 ergo
1397 818 1538 858 totum

283 873 483 914 animum.
543 887 679 928 neque
717 874 830 915 enim
869 887 947 929 ego
991 873 1234 927 negaverim
1277 874 1321 915 id
1363 874 1541 916 intuitos

283 944 374 971 esse
404 945 482 972 nos
515 934 558 973 et
587 932 650 973 ita
681 932 912 986 cogitasse,
942 934 991 973 ut
1022 946 1145 973 omne
1177 945 1247 973 aes
1279 931 1464 974 alienum
1494 934 1542 974 tu

284 988 486 1030 solveres:
529 1003 631 1030 num
663 990 823 1043 alioqui
855 990 1028 1031 dubium
1061 991 1142 1043 est,
1173 991 1247 1030 aut
1276 989 1424 1031 deduci
1455 1004 1542 1031 om-

285 1046 388 1087 nino
426 1046 471 1087 in
509 1048 841 1088 controversiam
878 1050 1038 1101 potest,
1086 1061 1138 1088 an
1181 1059 1259 1100 ego
1301 1047 1378 1088 tibi
1421 1050 1542 1101 parte

285 1104 376 1158 agri
408 1118 505 1145 mea
535 1119 726 1146 cessurus
762 1119 847 1146 non
885 1105 1055 1158 fuerim,
1091 1104 1174 1145 nisi
1216 1104 1328 1158 quod
1358 1105 1542 1160 pretium

285 1161 500 1203 soluturus
532 1163 764 1204 videreris?
814 1163 918 1217 quin
955 1163 991 1204 si
1029 1163 1120 1203 ulla
1150 1175 1247 1216 spes
1279 1162 1385 1203 mihi
1414 1177 1541 1205 nova-

283 1234 377 1260 rum
414 1220 660 1261 tabularum
698 1223 740 1261 et
775 1221 901 1262 huius
932 1220 1159 1261 necessarii
1189 1220 1235 1260 in
1265 1220 1438 1271 civitate
1468 1234 1541 1262 110-

285 1279 375 1318 stra
406 1278 580 1319 remedii
610 1279 781 1333 fuisset,
818 1281 1050 1320 retenturus
1081 1277 1233 1318 fuerim
1263 1277 1307 1319 id
1337 1278 1450 1332 quod
1480 1293 1542 1319 re-

283 1335 427 1376 tineo‘?

370 1393 487 1448 Ergo
533 1394 620 1435 sive
656 1394 722 1436 ius
764 1396 948 1448 spectas,
993 1408 1212 1436 commune
1250 1408 1320 1435 aes
1359 1394 1543 1436 alienum

284 1451 367 1492 fuit
398 1454 440 1492 et
469 1452 642 1494 tabulae
671 1452 839 1507 utrique
870 1451 1138 1508 profuerunt3
1171 1455 1212 1494 et
1237 1454 1285 1494 tu
1309 1465 1396 1494 non
1421 1452 1543 1493 aliter

282 1511 421 1550 totam
469 1510 782 1563 possessionem
826 1510 982 1551 habere
1025 1510 1171 1565 debes,
1222 1524 1349 1565 quam
1392 1510 1430 1551 si
1473 1523 1542 1551 aes

285 1567 470 1608 alienum
495 1568 692 1609 solveris:
725 1569 812 1610 sive
839 1568 1027 1609 animum
1053 1571 1230 1623 spectas,
1260 1568 1296 1609 is
1321 1568 1542 1622 utriusque

283 1624 383 1678 fuit,
420 1628 468 1667 ut
503 1628 551 1667 tu
588 1626 828 1668 venditione
873 1626 968 1681 agri
1011 1640 1080 1668 aes
1125 1626 1307 1668 alienum
1346 1626 1543 1667 solveres.

285 1695 364 1737 ego
397 1684 672 1725 aestimaram
702 1698 770 1726 me
801 1698 929 1725 onere
961 1699 985 1725 a
1009 1687 1051 1725 te
1083 1685 1265 1737 liberari,
1295 1684 1363 1725 cui
1391 1696 1542 1738 agrum

284 1740 455 1782 debam:
493 1755 605 1782 nuno
642 1742 701 1796 id,
747 1741 857 1795 quod
893 1744 941 1782 tu
977 1741 1082 1782 mihi
1111 1743 1405 1796 praestaturus
1437 1754 1542 1794 eras,

283 1812 350 1839 res
381 1799 553 1853 publiea
583 1799 811 1853 praestitit.

397 1950 414 1980 1
453 1946 619 1993 fu<er>it
655 1947 742 1981 Ran
771 1947 782 1991 ΙΙ
812 1948 956 1991 partem
993 1957 1058 1982 om.
1096 1949 1122 1980 B
1153 1947 1165 1991 ΙΙ
1195 1950 1215 1980 2
1253 1947 1309 1981 est
1344 1949 1370 1980 Β
1398 1947 1457 1992 {13
1496 1957 1542 1981 an

283 1995 361 2036 AB,
387 2003 478 2028 corr.
503 1994 579 2028 Aer
606 1995 617 2038 Ι]
644 2004 717 2028 non
742 2004 807 2028 om.
832 1996 859 2027 B
888 1994 900 2038 ΙΙ
927 1997 950 2028 4
976 1993 1078 2038 [11011]
1106 1994 1180 2028 Aer
1197 1993 1208 2037 ΙΙ
1227 1997 1248 2028 5
1273 1991 1373 2039 a<d>
1401 1993 1473 2028 Obr
1490 1994 1502 2037 Π
1520 1995 1540 2027 8

284 2050 329 2073 ex
354 2042 456 2083 parte
482 2050 504 2074 a
528 2042 564 2074 te
589 2051 654 2075 om.
682 2042 708 2072 B
728 2040 738 2084 ΙΙ
760 2043 801 2074 11
827 2040 963 2085 totum]
989 2040 1133 2074 tantum
1159 2039 1233 2082 Ro,
1258 2040 1380 2074 malim
1403 2038 1541 2073 *etiam

282 2086 344 2120 sed
368 2086 412 2128 cf.
439 2096 526 2122 vers.
546 2089 688 2121 15-17
707 2087 719 2130 ΙΙ
740 2090 875 2120 13-14
900 2086 945 2120 al.
971 2088 1050 2120 tum
1076 2085 1140 2121 sol.
1167 2088 1193 2119 Β
1212 2087 1224 2130 ΙΙ
1245 2089 1287 2120 14
1312 2084 1476 2128 alioquin
1501 2087 1542 2128 Δ,

284 2131 423 2175 alioqui
447 2134 485 2176 Β,
511 2131 623 2167 alicui
646 2132 734 2167 Ran
751 2132 762 2176 ΙΙ
784 2136 826 2167 16
851 2132 923 2167 mei
948 2135 1024 2175 AB,
1050 2143 1139 2167 corr.
1155 2131 1243 2166 Ran
1260 2132 1272 2175 Η
1293 2134 1334 2166 17
1359 2131 1541 2166 videreres

283 2181 353 2221 Aa,
389 2178 553 2213 viderem
583 2189 641 2213 res
674 2182 701 2212 Β
719 2180 731 2224 ΙΙ
752 2182 793 2213 19
824 2179 1036 2223 recepturus
1061 2181 1143 2222 ΔΒ,
1169 2188 1258 2213 corr.
1284 2177 1339 2212 Gr
1355 2178 1367 2223 ΙΙ
1385 2177 1540 2222 retineo]

283 2225 410 2304 repetcti
435 2223 500 2304 1:G'vr
535 2225 548 2269 ΙΙ
584 2229 628 2260 22
660 2226 699 2260 et
729 2225 814 2259 dum
847 2236 919 2260 non
949 2228 979 2259 Δ
1014 2225 1025 2269 ΙΙ
1063 2228 1106 2260 26
1131 2224 1362 2259 aestimarem
1386 2226 1413 2257 Β
1448 2224 1462 2268 ΙΙ
1497 2227 1541 2258 28

284 2281 391 2315 praes
412 2281 433 2305 a
