1578 2470
400 146 827 184 DECLAMATIONES.
855 146 1147 183 CCCXXXVIII.
1317 145 1404 188 333

202 255 306 299 Fuit
340 256 456 299 enim
490 256 721 312 aliquando
747 255 927 311 cupidus
954 255 1203 310 liberorum,
1242 258 1286 297 et
1310 270 1406 310 pro-

114 319 214 372 pter
254 315 339 359 hoc
383 316 505 358 duxit
548 330 726 358 uxorem
764 317 807 357 et
845 315 899 357 ad
931 329 1054 370 spem
1086 315 1238 357 statim
1268 315 1407 357 futuri

114 378 265 432 partus
298 376 545 432 gratulatus
579 378 646 418 est
677 378 722 418 et
750 377 903 417 natum
935 374 1133 417 educavit
1165 377 1209 416 et
1233 374 1278 416 in
1304 374 1404 417 adu-

115 435 370 478 lescentiam
409 432 544 492 (quod
581 434 689 477 satis
733 433 817 491 est)
864 434 955 476 sine
999 434 1090 476 ulla
1133 433 1406 476 dubitatione

113 493 324 550 perduxit.
357 494 565 536 libentius
591 494 636 536 in
658 493 919 549 gravissima
939 493 1087 535 mariti
1106 493 1277 547 iniuria,
1297 493 1406 535 iudi-
1432 506 1452 536 5

114 561 201 610 ces‚‘
223 553 404 597 invehar
423 554 470 596 in
489 567 731 596 novercam.
764 553 853 595 scio
881 553 1010 607 enim,
1036 552 1138 608 quid
1158 553 1290 595 vellet
1311 554 1406 607 sibi,

118 628 216 656 cum
247 614 293 656 in
324 614 518 668 domum,
557 613 670 655 senis
709 613 798 655 iam
836 614 879 655 et
911 613 1193 655 matrimonio
1226 627 1407 668 occupa-

114 675 209 716 tam
249 676 293 715 et
332 673 379 715 in
413 687 498 728 qua
528 671 694 714 iuvenis
727 672 842 714 filius
875 675 985 727 erat,
1029 672 1285 727 inrupisset:
1330 672 1408 715 sci-

116 732 278 787 <eba>t
315 732 422 775 haec
459 746 588 787 posse
626 732 812 774 vacuari.
873 732 1010 774 nolite
1053 746 1278 787 quaerere,
1322 746 1407 787 quo

115 792 312 846 consilio,
344 806 431 847 qua
459 792 629 834 ratione
663 791 834 834 fecerit:
868 791 962 834 sola
994 793 1071 833 est.
1127 791 1226 833 odia
1257 791 1407 833 statim
1436 803 1478 834 10

117 851 323 894 adversus
363 851 701 906 adulescentem,
743 865 822 893 nec
859 850 966 893 haec
1005 851 1176 893 occulta
1214 854 1290 892 aut
1326 850 1408 893 dis-

117 910 323 953 simulata
355 910 530 965 saltem,
569 911 644 952 sed
675 911 831 965 iurgia.
892 910 1007 965 quod
1038 910 1181 965 ipsum
1215 924 1283 952 me
1315 910 1408 952 her-

116 970 211 1012 cule
247 983 327 1025 pro
365 984 535 1012 summa
571 970 830 1025 probatione
870 983 983 1024 esse,
1023 969 1205 1023 iudices,
1242 972 1407 1024 potest:

115 1029 231 1071 hunc
267 1029 466 1071 iuvenem
506 1029 568 1071 sic
600 1029 771 1083 oderat,
810 1031 1036 1084 tamquam
1068 1042 1266 1071 noverca.
1328 1042 1408 1071 nec

114 1087 216 1130 huic
247 1088 429 1131 libertas
462 1102 513 1130 ex
544 1088 704 1130 fiducia
730 1088 888 1142 deerat,
919 1102 999 1131 nec
1024 1088 1208 1130 inveniri
1234 1091 1409 1143 poterat
1437 1100 1479 1131 15

114 1147 255 1190 ullum
295 1147 459 1190 crimen
497 1148 543 1190 in
574 1147 683 1203 vita,
729 1163 813 1203 quo
847 1147 1130 1190 abdicaretur.
1183 1148 1409 1190 inventum

118 1209 185 1250 est
230 1221 392 1249 novum
435 1207 721 1249 exheredandi
766 1221 914 1263 genus.
987 1207 1250 1250 vilissimum
1290 1207 1410 1250 istud

118 1268 250 1321 caput
289 1269 333 1308 et
369 1266 415 1308 in
446 1281 759 1322 quamcumque
790 1267 913 1309 litem
944 1267 1084 1322 pretio
1114 1267 1262 1308 venale
1287 1267 1409 1309 testi-

117 1324 312 1368 monium
351 1325 557 1367 adversus
595 1341 641 1367 se
679 1326 868 1381 primum
907 1326 1028 1382 tulit,
1073 1326 1323 1382 exposuisse
1364 1341 1409 1368 se

117 1383 242 1440 dixit3
284 1383 486 1427 videlicet
522 1399 575 1427 ne
620 1385 756 1428 istum
794 1400 887 1427 esse
924 1386 1089 1428 malum
1127 1387 1297 1442 patrem
1336 1401 1410 1441 pu·
1436 1397 1480 1428 20

120 1443 253 1486 deret.
302 1446 442 1486 testor
473 1444 594 1499 deos,
625 1447 764 1487 testor
796 1447 998 1501 vestram,
1029 1445 1203 1501 iudices,
1235 1445 1409 1501 religio-

120 1517 239 1545 nem:
278 1518 367 1546 non
405 1504 514 1546 satis
545 1504 717 1559 putavit
747 1504 830 1546 iste
862 1505 972 1559 ipse,
1013 1505 1087 1560 qui
1119 1505 1333 1560 expellere
1364 1505 1394 1546 fi

120 1562 228 1604 lium
258 1562 454 1618 volebat,
488 1564 646 1618 [qua]si
675 1564 839 1620 aliquid
865 1564 937 1607 isti
964 1564 1236 1607 credidisset:
1269 1563 1408 1606 infeli-

121 1621 341 1664 cissimam
366 1623 591 1677 nutricem,
622 1638 724 1665 nam
750 1623 874 1665 illam
900 1638 1070 1679 quoque
1097 1624 1259 1678 oderat,
1291 1624 1410 1666 omni

121 1681 391 1724 crudelitatis
425 1696 579 1738 genere
611 1682 830 1725 laceravit.
878 1684 1098 1739 quaeritis,
1131 1698 1216 1739 qua
1248 1683 1408 1726 causa?
1437 1695 1480 1726 25

118 1740 294 1796 scietis,
326 1755 424 1784 cum
454 1742 614 1784 iterum
645 1742 880 1798 torquebit.
940 1741 1237 1799 fatigaverant
1267 1743 1410 1798 prima

117 1801 356 1856 tormenta,
393 1802 464 1844 sed
498 1801 545 1843 in
582 1815 685 1844 voce
717 1817 804 1844 una
836 1805 1058 1844 manserat
1089 1802 1214 1845 fides:
1259 1817 1409 1858 expro-

117 1858 323 1903 braverat
346 1860 423 1902 isti
449 1860 704 1918 sanguinem
731 1877 869 1904 suum.
913 1864 1140 1904 revocatus
1167 1864 1234 1904 est
1258 1865 1410 1916 tortor,

220 1969 241 2000 6
267 1964 340 2000 scit
367 1964 442 2001 Obr
460 1966 472 2010 ss
491 1969 512 2000 8
539 1966 609 2000 scit
634 1969 681 2008 A,
708 1977 747 2001 se
774 1968 816 2001 ut
840 1969 879 2009 B,
905 1977 998 2002 corr.
1023 1966 1102 2010 Ro‚·
1131 1967 1242 2001 seivit
1268 1966 1339 2002 Sch
1359 1967 1370 2011 ΙΙ
1390 1971 1410 2002 9

118 2012 249 2056 posset
271 2014 299 2046 B
318 2012 330 2058 ΙΙ
352 2015 396 2047 14
422 2013 543 2048 oderit
567 2016 594 2047 Β
613 2014 625 2059 ΙΙ
647 2017 690 2048 15
716 2014 797 2048 erat
815 2016 866 2048 Ba
885 2015 897 2060 ss
918 2018 961 2048 16
983 2014 1082 2058 quod
1102 2017 1154 2047 Ab
1175 2016 1186 2059 ss
1208 2018 1250 2049 17
1278 2025 1411 2049 exere

120 2061 151 2093 A
169 2059 182 2104 ΙΙ
199 2069 318 2104 genus
344 2070 409 2095 om.
425 2062 456 2094 A
474 2061 486 2103 ΙΙ
507 2064 549 2095 18
577 2071 798 2106 quacunque
824 2061 890 2096 lite
910 2063 937 2095 B
957 2062 968 2107 ΙΙ
987 2061 1061 2096 vile
1087 2064 1166 2104 AB,
1193 2073 1286 2097 corr.
1316 2062 1412 2108 Οόνξξ

122 2109 166 2141 19
193 2117 233 2141 se
259 2107 351 2151 (alt.)
378 2118 445 2143 om.
471 2110 498 2141 Β
518 2109 530 2154 ΙΙ
552 2111 703 2143 17-19
731 2107 956 2143 vilissimum
982 2109 1005 2144 i.
1033 2120 1063 2144 c.
1092 2120 1123 2144 e.
1149 2110 1173 2144 i.
1202 2121 1236 2154 q.
1263 2109 1287 2144 l.
1314 2122 1348 2155 p.
1377 2122 1410 2145 v.

119 2154 147 2190 t.
174 2165 207 2189 a.
234 2165 262 2190 s,
288 2165 325 2199 p.
352 2155 378 2190 t.
406 2165 437 2190 e.
466 2166 505 2190 sc
531 2166 597 2191 om.
625 2158 679 2189 Aa
706 2157 719 2201 u
750 2159 794 2191 21
829 2158 951 2192 certor
977 2156 1066 2191 deos
1092 2159 1123 2190 A
1141 2157 1153 2203 Η
1173 2160 1217 2192 22
1245 2167 1319 2192 non
1345 2169 1411 2193 om.

121 2202 269 2247 &1123
297 2202 404 2249 [qua]
432 2202 490 2238 Ro
515 2207 549 2238 et
574 2202 657 2247 Riss
685 2203 743 2238 sui
767 2206 854 2246 AB,
880 2215 972 2240 corr.
998 2203 1069 2247 Ro,
1094 2204 1180 2239 huic
1206 2203 1280 2240 Obr
1298 2206 1311 2251 ΙΙ
1330 2210 1375 2240 25
1396 2207 1413 2224 *

121 2247 266 2284 lacerat
278 2248 326 2295 (ἓ)
345 2252 358 2294 u
377 2253 422 2285 26
445 2250 588 2286 scietis:
615 2262 729 2286 anum
749 2252 857 2296 (tum)
876 2251 1012 2287 iterum
1032 2253 1236 2297 torquebat
1254 2252 1326 2296 Ro,
1352 2254 1414 2288 sed

121 2296 168 2339 cf.
194 2299 280 2340 359,
306 2301 357 2333 23
377 2298 388 2343 ΙΙ
407 2297 636 2344 fatigaverat
660 2301 727 2333 AB
747 2299 758 2344 ΙΙ
784 2302 828 2334 27
857 2300 896 2334 et
920 2301 1004 2343 AB,
1038 2310 1130 2335 corr.
1157 2299 1216 2335 Ro
1241 2301 1253 2345 ΙΙ
1278 2301 1413 2346 proba-

121 2345 230 2379 verat
253 2347 349 2380 auct.
377 2346 502 2381 incert.
530 2357 590 2391 ap.
616 2346 704 2389 Aer,
737 2347 1045 2392 comprobaverat
1071 2347 1142 2383 Seh
1165 2349 1178 2392 ss
1207 2351 1252 2382 28
1279 2348 1360 2383 istis
1386 2351 1413 2382 B
