1604 2488
481 107 905 146 DECLAMATIONES.
933 107 1068 144 CCCV.
1330 105 1413 148 197

130 219 354 277 pretanda.
400 234 526 262 omne
551 218 765 261 iniustum
791 217 1052 274 supplicium
1080 218 1158 271 est,
1188 214 1303 270 quod
1327 229 1416 257 non

131 282 198 322 est
236 281 434 322 exactum
467 277 702 321 secundum
731 277 884 333 legem.
945 276 1000 318 da
1030 275 1165 331 igitur
1195 275 1263 316 ius
1294 274 1416 329 mihi,

132 353 216 395 quo
247 338 389 394 perire
421 337 659 380 debuerint.
732 335 981 391 „Exulem
1013 335 1153 378 intra
1183 333 1320 376 fines
1352 333 1417 375 li-

131 400 248 442 ceat
285 396 558 440 occidere.“
631 395 751 446 Quod
797 395 903 438 satis
947 397 1030 437 est:
1074 408 1162 436 non
1208 393 1416 436 occidisti.

131 456 338 513 quidquid
376 456 494 498 aliud
531 455 694 498 factum
733 457 799 497 est
805 489 817 510 ‚
854 456 1005 496 contra
1045 454 1188 509 legem
1220 454 1298 495 est.
1359 452 1418 495 sit

131 516 296 572 aliquid
339 516 508 570 mitius,
553 516 611 557 sit
655 514 816 570 aliquid
861 514 1133 556 clementius:
1172 526 1262 555 non
1296 512 1417 566 1icet3

130 590 211 618 nec
241 575 324 617 tibi
353 575 504 617 licebit
535 575 773 630 ignoscere.
834 573 1063 615 »exulem
1101 573 1240 614 intra
1279 571 1418 613 fines

131 635 292 677 liceat
324 633 599 677 occidere«
659 633 895 689 neminem,
937 632 1120 688 iudices,
1153 646 1313 685 eorum,
1346 630 1419 686 qui

131 694 229 736 iura
260 693 558 747 condiderunt,
588 695 681 735 tam
714 707 918 748 asperum
950 694 993 734 et
1023 694 1190 734 trucem
1216 689 1418 733 existimo

131 753 278 808 fuisse,
307 755 358 795 ut
386 754 560 795 tantum
593 753 731 794 scelus
763 751 957 794 crederet
987 765 1116 806 posse
1148 750 1254 792 fieri.
1298 751 1418 791 metu

134 812 226 855 sine
264 811 396 855 dubio
433 813 540 855 fines
577 814 754 854 nostros
792 811 921 854 clusit
959 810 1175 865 exulibus3
1212 823 1419 865 magnam

132 873 282 914 tamen
311 871 420 926 illis,
458 871 532 927 qui
570 870 973 926 deprehendissent,
1011 869 1206 924 inposuit
1236 867 1420 911 difficul-

132 932 280 973 tatem.
324 930 495 973 exulem
534 930 651 972 intra
681 929 790 972 fines
823 929 1163 984 deprehendisti:
1196 927 1353 983 occide,
1386 927 1421 969 si

135 991 279 1044 potes;
307 988 382 1031 sed
408 988 554 1032 occide
572 990 650 1031 tua
673 1003 816 1044 manu,
843 1002 963 1031 sume
983 988 1197 1031 carnificis
1219 986 1421 1029 animum.

135 1051 337 1104 sequetur
375 1048 633 1104 quandoque
670 1050 715 1090 te
752 1048 840 1090 ista
871 1047 1156 1102 conscientia,
1193 1049 1237 1088 et
1274 1061 1422 1102 quam-

134 1122 265 1163 quam
302 1107 527 1163 inpunitus
568 1107 744 1163 sanguis
785 1107 982 1149 manabit
1019 1109 1167 1149 tamen
1198 1120 1336 1161 usque
1369 1105 1423 1147 ad

134 1167 340 1209 animum.
402 1181 512 1222 quae
563 1169 667 1208 sunt
714 1166 827 1209 istae
877 1166 1073 1220 deliciae,
1123 1169 1173 1207 ut
1221 1168 1270 1207 tu
1314 1165 1422 1207 velis

133 1226 333 1268 inimicos
382 1228 482 1268 tuos
530 1225 767 1268 incruentis
810 1226 1011 1267 manibus
1063 1224 1284 1267 occidere?
1341 1237 1423 1265 ex-

135 1285 273 1326 ulem
304 1284 446 1327 intra
474 1284 615 1327 fines
647 1284 808 1326 liceat
840 1284 1091 1327 occidere:
1125 1284 1161 1325 si
1188 1282 1424 1338 deprehen-

134 1357 207 1386 sos
245 1343 524 1398 detinuisses,
560 1343 774 1386 iniustum
812 1343 1076 1399 supplicium
1109 1345 1235 1385 esset.
1295 1356 1421 1384 nemo

134 1402 249 1444 inter
278 1417 442 1457 poenas
476 1403 610 1445 exulis
637 1403 868 1445 constituit
887 1403 1038 1444 mortis
1066 1402 1423 1457 expectationem.

134 1461 270 1516 istud,
312 1461 425 1518 quod
465 1463 621 1503 nutum
652 1464 776 1503 tuum
807 1461 970 1504 diutius
1002 1461 1169 1516 vident,
1209 1461 1325 1516 quod
1358 1475 1422 1502 ar-

134 1521 384 1577 rogantiam
420 1520 587 1575 ferunt,
632 1521 844 1563 iniustum
889 1520 1148 1576 supplicium
1189 1523 1267 1562 est.
1334 1534 1423 1562 non

134 1579 236 1622 lieet
273 1579 357 1622 tibi
398 1580 593 1636 gladium
634 1595 765 1635 supra
802 1580 988 1623 cervices
1028 1580 1101 1622 diu
1131 1582 1296 1636 tenere3
1333 1593 1423 1621 non

135 1638 238 1681 licet
275 1639 425 1695 iugulo
468 1654 617 1682 necem
660 1638 890 1682 admovere
928 1640 1054 1681 lente.
1115 1642 1163 1681 tu
1205 1653 1279 1681 eos
1314 1638 1422 1681 deti-

133 1711 239 1740 neas
269 1697 386 1741 intra
416 1699 543 1753 fines,
585 1698 741 1754 quibus
773 1699 919 1741 venire
950 1713 1040 1741 non
1071 1697 1224 1741 licuit?
1276 1697 1423 1741 occide

135 1757 205 1799 vel
237 1758 389 1800 statim
421 1759 501 1812 vel,
537 1758 573 1800 si
606 1757 775 1800 differre
802 1760 940 1813 potes,
971 1758 1188 1800 miserere.
1230 1757 1423 1800 nondum

137 1815 248 1871 dico,
279 1830 530 1860 concurrere
562 1833 634 1859 -ι
667 1821 882 1872 praesente
913 1821 948 1860 te
974 1818 1216 1872 (alterum)
1243 1817 1422 1860 alterius

135 1875 346 1918 cervicem
382 1876 512 1919 ferire
551 1876 753 1932 coegisti:
792 1877 1006 1919 iniustum
1044 1877 1305 1932 supplicium
1346 1879 1423 1919 est.

224 1934 360 1990 „Mori
393 1935 531 1978 deben
552 1935 586 1977 .“
637 1935 773 1988 †Qua
803 1936 900 1990 lege
932 1936 979 1977 in
1006 1951 1092 1991 qua
1118 1936 1330 1990 scriptum
1356 1937 1422 1977 est

233 2019 276 2050 16
301 2016 482 2051 manabat
505 2019 532 2050 Β
558 2018 570 2062 ΙΙ
597 2019 639 2051 18
665 2016 927 2061 *inprudentis
953 2029 1001 2051 m.
1028 2020 1111 2061 AB,
1136 2017 1422 2062 inprudentibus

132 2074 182 2099 m.
210 2063 288 2099 edd.
314 2063 327 2108 ΙΙ
351 2067 397 2098 23
422 2063 574 2099 fuerunt
598 2066 652 2097 Aa
683 2063 694 2108 ΙΙ
725 2067 770 2098 25
796 2064 974 2110 iugulo
999 2068 1030 2098 A
1054 2066 1066 2111 {l
1090 2064 1261 2110 iugulum
1286 2069 1312 2099 P
1337 2067 1349 2110 ΙΙ
1377 2068 1422 2100 27

136 2109 291 2146 defferre
317 2113 359 2155 A,
385 2110 529 2147 deferre
548 2114 575 2144 B
596 2112 672 2156 1128
698 2112 924 2156 praestantis
950 2115 1032 2156 AB,
1058 2123 1149 2149 corr.
1170 2112 1228 2148 Ro
1255 2113 1315 2157 (cf.
1336 2116 1424 2155 198,

133 2157 200 2202 27)
219 2158 232 2203 ss
250 2156 467 2205 (alterum)
494 2157 549 2194 Gr
568 2159 580 2204 Η
599 2162 645 2193 30
672 2157 785 2193 debet
803 2161 868 2193 AB
887 2160 899 2205 ΙΙ
919 2163 964 2194 30
972 2170 1040 2204 sq.:
1066 2171 1141 2203 qua
1159 2159 1269 2205 lege?
1289 2159 1328 2194 in
1349 2170 1424 2204 qua

137 2215 207 2240 scr.
233 2205 292 2240 est
316 2205 376 2241 cui
398 2204 499 2248 licet,
527 2205 677 2241 occidat
700 2205 779 2249 Ro,-
802 2207 958 2249 fortasse
982 2207 1084 2251 *qua
1108 2206 1149 2242 in
1173 2207 1258 2253 lege
1279 2219 1346 2243 scr.
1368 2209 1425 2242 est

135 2250 393 2344 {23»752ex3sses)
422 2252 694 2288 occidantur«?
721 2254 782 2298 (cf.
808 2256 894 2297 201,
920 2256 968 2289 13
986 2265 1072 2299 sqq„
1097 2257 1186 2298 207,
1207 2258 1255 2290 10
1279 2259 1311 2290 et
1337 2255 1422 2290 decl.

259 2310 295 2335 n.

1446 758 1490 790 10

1449 1054 1492 1087 15

1448 1352 1494 1384 20

1448 1648 1494 1681 25

1449 1946 1495 1977 30
