1604 2488
240 107 324 150 282
718 107 1019 150 QUINTILIANI

238 229 494 270 quamquam
532 217 693 257 secreto
726 216 918 269 scriptos.
978 216 1119 269 potuit
1155 229 1255 270 ergo
1294 231 1414 259 amor
1451 218 1495 260 in

239 286 364 315 eausa
389 287 492 327 esse,
523 273 664 326 potuit
687 273 780 327 ipsa
798 273 1027 327 pudicitiae
1047 273 1272 317 admiratio
1296 275 1342 316 in
1365 289 1493 318 causa

237 330 381 373 fuisse.
408 331 506 383 fecit
523 331 731 373 virtutum
743 331 1010 373 intellectum
1022 345 1164 374 rerum
1181 334 1346 375 natura.
1375 333 1495 376 nulla

238 390 360 430 tanta
390 389 496 430 vitia
527 391 640 444 sunt,
671 403 776 444 quae
806 403 893 431 non
923 389 1101 431 meliora
1131 390 1348 432 mirentur.

192 457 213 488 5
327 445 408 488 Sed
439 449 645 501 quatenus
678 448 962 501 suspicamur,
992 447 1137 488 videor
1165 448 1403 503 perspicere
1431 463 1496 491 ra-

236 504 415 558 tionem,
458 519 586 559 quare
627 505 709 547 hoc
750 505 831 547 tibi
868 504 1143 547 mandaverit.
1206 506 1391 548 nondum
1420 506 1496 548 illa

237 562 398 616 opinio,
442 563 631 604 nondum
674 566 910 605 aecusator:
961 563 1072 605 rides
1113 563 1235 618 haee3
1276 566 1496 618 tamquam

237 619 291 661 ab
335 620 549 662 advocatis
594 620 755 675 audies,
800 620 964 676 (quae)
1004 634 1083 676 ego
1127 621 1178 663 de
1216 623 1260 663 te
1297 621 1496 676 suspicer.

236 692 400 732 pauper
432 693 543 732 eras,
575 678 737 720 vicinus
769 692 882 720 eras:
919 678 1046 720 huius
1077 679 1171 721 noti
1201 692 1353 734 mores,
1382 681 1497 721 certa

170 746 212 777 10
239 736 455 777 sanctitas.
540 739 791 791 argumento
852 737 1139 791 probabimus:
1199 751 1294 779 cum
1353 750 1498 779 rumor

237 795 461 848 utrumque
494 794 738 849 infamaret,
774 797 822 836 tu
859 809 954 836 reus
985 794 1124 836 faetus
1157 809 1218 849 es3
1255 809 1280 837 a
1309 797 1353 836 te
1383 794 1497 836 leno—

237 851 394 893 cinium
426 853 637 894 committi
667 853 774 894 dixit
806 855 1037 908 accusator,
1066 867 1153 895 non
1183 853 1236 894 ab
1267 853 1348 895 hae
1379 851 1498 894 adul-

236 910 403 951 terium.
476 924 564 952 non
601 924 702 966 ergo
740 925 851 952 nova
892 911 997 953 haee
1041 911 1122 952 erit
1165 910 1347 965 suspicio
1391 924 1498 964 mea,

237 981 374 1020 neque
405 982 454 1008 ex
484 983 551 1010 me
583 971 697 1010 nata.
743 969 798 1022 id,
830 968 941 1022 quod
973 971 1192 1010 accusator
1222 969 1305 1010 tibi
1330 967 1498 1021 obiecit,

168 1035 210 1066 15
237 1023 361 1066 hodie
398 1025 540 1067 credo:
583 1026 772 1068 locutum
819 1040 910 1067 esse
946 1028 1087 1067 tecum
1125 1026 1315 1078 divitem,
1359 1025 1496 1081 egisse

235 1085 388 1137 tecum,
421 1083 667 1137 promisisse
699 1083 780 1126 tibi
811 1084 960 1137 multa,
990 1083 1221 1126 novissime
1253 1083 1383 1125 etiam
1413 1083 1496 1125 iac-

235 1141 351 1182 tasse
382 1142 699 1183 testamentum.

716 1278 999 1323 GCGXXVI.

419 1361 586 1413 Legati
616 1361 745 1403 filius
776 1361 969 1404 victima
998 1359 1318 1414 pestilentiae.-

166 1455 210 1486 20
237 1443 318 1492 Qui
361 1443 607 1498 pestilentia
649 1443 918 1497 laborabant,
961 1443 1168 1484 miserunt
1211 1443 1402 1497 legatum
1445 1442 1498 1484 ad

354 1502 574 1544 oraculum
605 1501 845 1555 petendum.
903 1515 1154 1555 responsum
1187 1503 1252 1542 est
1282 1501 1332 1555 ei,
1361 1500 1498 1542 filium

351 1560 484 1613 ipsius
522 1559 829 1600 immolandum
867 1573 971 1600 esse.
1036 1559 1111 1600 ille
1148 1558 1364 1600 nuntiavit
1400 1557 1498 1600 eivi-

352 1618 434 1658 tati
467 1631 585 1658 saera
616 1617 858 1670 desiderari,
888 1617 979 1658 filio
1004 1631 1152 1658 verum
1177 1616 1392 1658 confessus
1419 1618 1498 1659 est.

354 1674 485 1716 sacris
522 1674 654 1715 finitis
696 1674 942 1728 pestilentia
978 1689 1063 1716 non
1095 1677 1160 1715 est
1190 1673 1324 1715 finita.
1382 1673 1497 1715 filius

165 1744 209 1775 25
351 1733 561 1786 processit
600 1732 646 1772 in
690 1732 931 1773 contionem
974 1734 1016 1772 et
1055 1745 1098 1773 se
1142 1732 1233 1786 ipse
1273 1730 1497 1772 interfecit.

351 1790 475 1831 finita
518 1790 764 1843 pestilentia
807 1804 903 1831 reus
941 1791 1006 1830 est
1042 1790 1209 1843 legatus
1252 1788 1395 1830 laesae
1435 1788 1498 1830 rei

352 1847 560 1902 publicae.

332 1978 349 2007 1
377 1974 565 2017 tamquam
592 1984 681 2008 secr.
707 1976 772 2006 ΔΒ
792 1974 803 2018 Η
823 1977 843 2008 3
864 1972 960 2007 sedit
983 1975 1061 2017 ΔΒ,
1089 1972 1178 2007 serit
1195 1972 1285 2015 edd„
1310 1981 1399 2007 corr.
1420 1971 1497 2014 R0;

236 2020 338 2056 dedit
362 2019 468 2062 Rem,
493 2020 577 2062 fort.
592 2022 611 2043 '²‘
627 2019 693 2054 dat
716 2020 728 2063 ΙΙ
753 2023 775 2054 4
799 2015 927 2055 mutet⁸
945 2021 971 2052 Β
996 2020 1008 2064 ΙΙ
1028 2023 1047 2054 5
1074 2018 1296 2063 auspicamus
1318 2020 1345 2051 Β
1363 2019 1376 2062 ΙΙ
1395 2021 1415 2053 6
1434 2016 1499 2068 'illi

235 2070 262 2100 B
292 2068 305 2111 n
335 2066 435 2102 videt
472 2069 517 2108 Δ,
561 2065 642 2103 vid7
677 2069 720 2110 Β,
765 2076 853 2101 corr.
892 2065 949 2100 Ro
979 2067 991 2111 ΙΙ
1028 2069 1048 2100 8
1080 2065 1124 2100 ab
1156 2065 1227 2099 hae
1257 2064 1409 2099 vocatus
1434 2063 1499 2109 {¹³1}

235 2111 387 2195 {qan
413 2112 487 2148 Obr
517 2113 528 2157 Π
559 2116 579 2147 9
605 2123 745 2157 pauper
769 2123 807 2147 es
832 2112 907 2147 Aer
932 2112 944 2156 ss
971 2115 1013 2146 10
1039 2110 1272 2156 probavimus
1298 2112 1379 2152 ΔΒ,
1405 2119 1496 2145 corr.

275 2170 295 2194 ο
315 2163 347 2194 et
361 2159 414 2194 Ri
431 2161 443 2203 ΙΙ
464 2163 507 2194 14
532 2158 647 2194 obicit
671 2162 711 2202 A,
738 2158 868 2194 obiicit
891 2161 930 2202 B,
955 2168 1043 2194 corr.
1070 2158 1146 2192 Aer
1163 2158 1174 2202 ΙΙ
1193 2160 1238 2191 20
1261 2155 1496 2201 pestilentiae

238 2209 265 2239 Β
283 2206 296 2250 ΙΙ
320 2209 364 2240 21
391 2205 592 2250 petendum
616 2215 681 2241 om.
707 2208 733 2239 Β
758 2206 770 2249 Η
795 2209 838 2240 23
866 2204 961 2239 sacri
985 2207 1010 2238 Β
1030 2205 1042 2248 ΙΙ
1061 2202 1266 2238 desideravi
1291 2205 1328 2246 B,
1354 2201 1498 2237 deside-

237 2251 309 2287 rati
331 2255 357 2286 P
