1586 2476
219 99 279 148 24
702 106 1001 149 QUINTILIANI

218 213 405 267 tantum,
449 213 617 266 qualem
649 213 759 256 hanc
789 215 948 269 putetis
981 229 1072 258 esse
1102 217 1324 272 feminam,
1364 232 1476 275 quae

218 269 385 311 defendi
415 271 583 312 noluit?
616 285 873 326 quamquam
903 272 985 315 hoc
1015 274 1099 322 iam
1129 275 1245 329 prior
1275 277 1349 318 ille
1381 290 1474 320 con-

217 327 354 369 fessus
393 331 474 384 est,
518 329 590 383 qui
630 343 725 371 cum
762 329 931 372 fortiter
967 331 1154 387 fecisset,
1190 347 1285 376 cum
1315 337 1474 378 recenti

219 386 471 427 meritorum
497 387 637 441 gratia
662 388 880 442 niteretur,
898 389 994 442 plus
1012 391 1158 432 tamen
1176 393 1345 446 putavit
1363 393 1474 448 apud

171 451 190 484 5
217 456 292 485 vos
306 444 448 486 valere
461 445 682 498 virtute[m
700 447 763 498 et]
783 446 1034 501 religionem
1059 450 1104 490 et
1126 448 1252 491 fidem
1274 453 1475 506 vestram,

218 501 330 543 sicut
359 516 457 543 vere
486 503 667 557 putavit.
715 503 919 546 hodierno
950 505 1086 559 igitur
1115 506 1266 549 iudicio
1298 520 1475 562 appare-

218 558 292 613 bit,
324 573 378 600 an
409 560 471 601 illi
492 561 780 603 'abolit-ionem
809 564 955 616 petere
984 575 1158 606 necesse
1185 558 1326 608 fuerit.
1374 565 1474 608 Non

217 617 320 658 estis
353 618 603 660 exhortandi
634 619 740 660 mihi
771 619 824 661 ad
853 621 1056 662 tuendam
1087 622 1347 677 castitatem,
1375 624 1474 666 civi-

214 675 297 716 tati
321 678 426 719 ante
457 677 601 718 omnia
630 677 927 719 necessariam.
975 679 1277 735 matrimoniis,
1308 682 1475 723 etiamsi

146 740 189 773 10
218 745 298 787 ego
316 735 535 788 tacuerim,
562 734 680 776 scitis
700 736 911 777 contineri
930 737 1165 779 civitatemz
1194 737 1263 780 his
1279 740 1474 794 populos,

215 790 282 832 his
314 791 472 834 liberos
503 795 547 833 et
578 793 888 835 successionem
918 794 1274 848 patrimoniorum
1305 799 1350 838 et
1380 809 1472 852 gra-

215 846 315 890 dum
341 848 638 904 hereditatum,
662 850 731 892 his
758 852 1028 894 securitatem
1054 853 1342 896 domesticam.
1372 864 1473 909 quo—

213 906 340 948 modo
374 908 485 949 enim
515 908 912 962 peregrinabimur?
944 911 1155 964 quomodo
1187 909 1239 953 ad
1271 912 1469 956 colendos

213 963 475 1007 discedemus
519 965 674 1022 agros?
735 981 844 1021 quae
885 968 1011 1009 nobis
1055 969 1259 1010 securitas
1300 969 1470 1012 dubitur

145 1029 187 1063 15
214 1022 544 1077 suscipientibus
575 1024 812 1078 legationes
843 1025 1056 1080 publicas,
1088 1027 1287 1068 euntibus
1317 1027 1363 1069 in
1393 1028 1469 1069 mi·

212 1079 351 1122 litium
358 1113 370 1134 ‚
413 1095 508 1122 cum
548 1081 789 1137 frequenter
827 1082 942 1124 bella
983 1083 1097 1125 sint‘?
1156 1084 1308 1127 Potest
1345 1085 1468 1127 vobis

212 1138 475 1194 contingere,
517 1142 566 1181 ut
601 1144 643 1181 et
672 1141 908 1194 praemium
938 1141 1029 1183 viro
1060 1137 1164 1184 forti
1193 1142 1398 1185 dederitis
1429 1146 1472 1185 et

212 1197 360 1238 tamen
391 1196 647 1239 adulterium
677 1197 952 1240 vindicemus.

779 1320 903 1367 CCL.
917 1335 921 1340 ’

138 1414 183 1446 20
489 1401 708 1461 {sortitio
738 1402 1178 1458 ignominiosorum.

209 1485 294 1534 Qm
323 1496 599 1528 mmmmm
629 1496 876 1530 miximus
914 1497 1102 1541 nonum,
1139 1497 1467 1533 icuommosus

328 1553 407 1585 srr.
467 1552 771 1587 icuommoso
815 1555 876 1587 un
918 1556 1010 1595 QUA
1053 1556 1123 1588 srr
1163 1556 1314 1590 Ac‘mor
1371 1547 1467 1590 Duo

325 1601 615 1643 adulescentes
651 1602 833 1644 invicem
871 1603 1180 1657 (iniuriarum)
1218 1615 1343 1659 agere
1372 1619 1467 1648 coe-

323 1661 502 1712 perunt..
557 1660 699 1702 sortiti
748 1663 864 1715 sunt,
912 1661 1050 1703 utrius
1098 1659 1301 1704 iudicium
1379 1664 1467 1704 rius

136 1727 180 1758 25
325 1719 533 1772 ageretur.
594 1718 648 1772 is,
691 1718 763 1772 qui
795 1721 908 1760 sorte
939 1719 1115 1773 vicerat,
1159 1720 1248 1774 egit
1276 1723 1320 1762 et
1376 1730 1466 1762 um—

321 1775 442 1817 navit
471 1775 734 1817 iniuriarum.
772 1772 972 1819 damnato
1004 1788 1129 1831 agere
1159 1779 1319 1820 volenti
1349 1789 1466 1833 prae—

323 1832 482 1875 scribit.

728 1901 954 1947 SERMO.

292 1982 530 2026 Pan-onum
570 1985 807 2027 necessario
850 1985 1055 2028 dabimus.
1114 1999 1216 2029 nam
1254 1986 1383 2030 etium
1417 1988 1466 2030 ut

208 2055 336 2098 agere
366 2041 431 2084 illi
460 2042 607 2097 liceat,
638 2045 702 2085 est
733 2045 878 2086 tamen
908 2041 1231 2099 ignominiosus.

295 2158 317 2191 ὅ
342 2156 533 2202 virtutem
560 2155 612 2202 et]
640 2156 703 2192 rel.
730 2157 787 2192 Ro
819 2159 831 2202 Η
862 2161 882 2192 9
908 2156 1025 2192 omnis
1050 2159 1080 2191 A
1102 2158 1117 2203 ῃ
1140 2158 1374 2194 matrimonia
1397 2161 1427 2192 A
1450 2159 1462 2204 Η

202 2202 317 2239 bona,
339 2202 618 2238 matrimonii
641 2205 671 2237 A
701 2204 713 2248 ΙΙ
746 2207 787 2239 15
812 2203 949 2239 militia,
972 2206 1002 2237 A
1031 2204 1045 2249 ss
1075 2207 1118 2239 21
1143 2203 1313 2240 iniuriam
1338 2207 1368 2239 A
1386 2205 1399 2250 fl
1417 2208 1461 2240 23

203 2248 474 2296 (iniuriarum)
497 2249 555 2284 Ro
574 2251 586 2294 ΙΙ
605 2253 648 2284 25
673 2250 732 2284 his
757 2253 786 2284 A
