1560 2462
642 104 927 142 PRAEFATIO.
1341 102 1427 138 XIII

113 208 203 252 *Pii
232 209 295 248 111
327 208 487 248 nomine
519 208 684 247 ornatus
718 219 918 246 summum
948 205 1225 255 pontificatum
1257 204 1426 255 adeptus

139 268 231 327 est,)
276 273 372 312 data
410 274 510 312 haec
548 273 703 311 scribit:
747 271 977 321 „Centum
1013 272 1059 310 et
1096 270 1308 321 triginta
1347 281 1428 308 sex

135 338 431 384 Quintiliani
468 338 857 377 declamationes
896 337 952 375 ad
990 338 1036 375 te
1076 349 1227 386 nuper
1258 349 1278 374 e
1313 334 1426 374 Ger-

134 404 297 444 mania
340 404 516 443 missas
555 403 790 449 Quintiliani
833 415 921 441 esse
969 397 1063 454 (sic)
1101 401 1294 449 arbitror,
1340 394 1425 453 (ut)

135 471 209 510 ete.
236 499 245 509 .
272 501 280 510 .
332 468 611 508 Coniecturam
647 468 778 506 facere
817 480 864 506 ex
902 469 1005 518 ipso·
1027 467 1159 506 codice
1191 467 1303 515 licet,
1347 466 1427 515 pri-

135 548 247 574 mum
285 535 392 585 quod
428 535 676 573 trecentas
710 533 969 584 sexaginta
1000 533 1156 571 fuisse
1188 531 1425 580 ostenditur,

137 613 255 651 quem
294 611 507 639 numerum
536 599 668 637 nescio
701 610 753 636 an
784 598 886 636 alius
920 611 1041 648 quam
1074 597 1146 644 Qu.
1178 596 1424 647 impleve1·it;

139 665 282 704 deinde
313 665 500 716 quoniam
532 663 613 710 Qu⁰
644 665 941 714 attribuuntur,
974 675 1046 701 nec
1077 663 1205 702 multo
1237 664 1328 712 post
1355 655 1428 707 Qui

139 733 323 781 tempora
367 730 610 780 exscriptum
647 730 743 767 tam
781 730 1026 768 vetustum
1066 728 1278 767 codicem
1316 729 1427 776 puto,

141 798 190 835 ut
227 795 354 835 errari
383 797 468 834 'tam
499 795 648 834 recenti
679 794 872 834 memoria
902 794 968 834 vix
999 793 1188 844 potuerit.
1217 822 1225 831 .
1252 824 1260 832 .
1311 792 1428 830 Sub-

141 864 412 912 sequuntur
442 860 490 898 in
522 859 684 899 codice
717 858 1124 898 declamationum
1156 858 1364 896 Senecae
1391 857 1427 894 X

137 927 289 966 libri.
316 956 326 966 .
353 956 361 964 .
405 924 675 963 Secundum
717 925 802 963 has
848 923 1094 962 Calfurnii
1139 922 1301 961 Flacci
1346 935 1427 960 ex-

137 993 307 1042 ceptae
339 991 536 1041 quaedam
568 1001 718 1040 paucae
744 988 1036 1038 perbrevesque
1064 988 1378 1026 sententiae..
1394 1017 1427 1026 ..

139 1057 240 1096 Post
274 1056 380 1094 hunc
412 1051 564 1094 ‘Finis
598 1048 966 1103 Excerptarum'
999 1052 1265 1090 subscribitur
1296 1052 1424 1090 literis

139 1120 370 1161 maiusculis
410 1121 451 1159 et
482 1115 702 1158 eAntonii
731 1113 934 1157 Iuliani'
963 1147 971 1156 .
998 1147 1006 1155 .
1045 1130 1090 1156 ac
1127 1130 1219 1156 mox
1257 1120 1296 1156 et
1335 1113 1425 1155 ‘ex-

138 1189 480 1236 temporaneae
523 1179 840 1230 Quintiliani'
878 1183 1188 1232 promittuntur,
1227 1185 1273 1221 ut
1309 1183 1426 1221 facile

139 1252 346 1302 appareat,
378 1243 661 1289 subsecuturas
695 1250 817 1288 fuisse
849 1246 1213 1298 extemporaneas“.

229 1315 400 1355 Videtur
424 1315 489 1353 hic
513 1315 617 1354 liber
641 1314 766 1353 fuisse
790 1314 832 1352 in
856 1313 1099 1352 bibliotheca
1125 1313 1337 1351 cardinalis
1359 1311 1426 1351 Se-

137 1381 292 1431 nensis3
324 1380 564 1429 Campanus,
590 1382 636 1418 ut
661 1392 764 1418 anno
795 1380 908 1417 1468
934 1377 1200 1416 institutionis
1227 1377 1426 1416 oratoriae

137 1445 356 1484 editionem
386 1443 643 1494 vulgaverat,
674 1444 733 1482 ita
763 1443 934 1481 fortasse
966 1442 1275 1481 declamationes
1307 1442 1424 1482 edere

139 1510 224 1559 ipse
254 1509 297 1548 in
327 1508 459 1548 animo
488 1508 664 1547 habebat
692 1508 757 1547 vel
783 1507 872 1546 aliis
900 1507 1044 1546 saltem
1070 1520 1238 1546 censura
1264 1520 1346 1557 sua,
1379 1510 1425 1546 ut

139 1575 320 1624 ederent,
359 1573 634 1612 commendare
643 1568 686 1626 ²¹²)
723 1573 863 1612 voluit.
924 1572 1016 1611 Non
1053 1575 1115 1611 est
1152 1573 1259 1611 facta
1295 1573 1425 1622 proxi-

139 1639 214 1679 mis
246 1639 360 1678 annis
388 1638 522 1688 editio,
555 1640 596 1676 et
627 1639 748 1676 codex
779 1637 931 1688 perisse
963 1637 1133 1676 videtur.
1185 1637 1311 1676 Senae
1337 1639 1425 1676 nul-

138 1705 236 1754 lum,
262 1706 309 1743 ut
333 1703 519 1752 comperi,
545 1704 630 1742 eius
658 1703 886 1754 vestigium.
931 1702 1010 1741 Sed
1030 1715 1078 1742 ex
1097 1702 1262 1742 Senensi
1281 1703 1422 1742 biblio·

138 1770 258 1809 theca
287 1768 462 1819 plurima
491 1768 699 1812 literarum
731 1770 988 1807 monumenta
1018 1762 1327 1821 („Urkunden“)
1361 1769 1425 1807 vel

138 1834 228 1885 ipsa
257 1833 324 1874 vel
352 1834 596 1883 transcripta
626 1834 838 1883 deportata
870 1844 956 1871 esse
988 1832 1155 1871 Romam
1188 1832 1230 1870 in
1262 1831 1422 1883 Chigia-

235 1922 270 1968 *)
296 1922 343 1957 cf.
370 1933 465 1967 quae
488 1922 527 1957 in
547 1922 763 1958 laudatione
782 1922 866 1966 viri,
893 1921 1137 1967 epistolarum
1158 1921 1326 1967 editioni,
1351 1922 1424 1958 Ro·

140 1981 226 2006 mae
253 1973 346 2005 1495
372 1972 411 2005 et
434 1969 602 2005 Venetiis
629 1974 720 2006 1502
747 1970 826 2015 fol.‚
853 1969 1002 2005 adiecta
1021 1967 1184 2004 Michael
1203 1969 1343 2004 Fernus
1370 1970 1426 2004 di-

138 2017 210 2053 cit:
238 2017 380 2062 „Nemo
406 2017 659 2052 litteratorum
684 2029 796 2053 ausus
822 2028 866 2053 eo
885 2018 1054 2062 tempore
1074 2015 1275 2062 quicquam
1295 2016 1425 2052 fuisset

141 2065 269 2108 edere,
302 2064 367 2109 qui
396 2063 499 2099 illius
530 2066 618 2100 ante
650 2064 830 2100 iudicium
861 2063 1159 2108 sententiamque
1192 2075 1267 2099 non
1295 2064 1423 2110 explo-

141 2113 268 2148 rasset.
318 2110 495 2158 Magnam
527 2112 559 2147 is
591 2112 714 2148 labori
746 2122 812 2147 suo
845 2110 1004 2158 gloriam
1036 2110 1224 2146 addidisse
1250 2112 1423 2156 ducebat,

142 2159 202 2194 cui
226 2158 336 2194 huius
362 2159 636 2194 commendatio
663 2159 888 2195 accessisset.
928 2158 1024 2194 Hinc
1047 2169 1158 2194 nemo
1183 2159 1223 2193 in
1247 2159 1331 2194 tota
1354 2159 1422 2193 im-

140 2216 352 2252 pressorum
371 2206 553 2252 Hesperia
578 2218 622 2242 ea
641 2208 865 2252 tempestate
886 2217 980 2252 opus
998 2205 1290 2251 imprimendum
1310 2205 1423 2241 susci-

139 2263 230 2299 pere
254 2253 352 2289 velle
377 2252 586 2298 videbatur,
612 2254 672 2290 cui
691 2253 794 2289 illius
816 2253 1150 2290 commendationis
1169 2253 1329 2299 epistola
1348 2264 1423 2289 non

141 2299 424 2346 praeluxisset.“
