1604 2488
267 103 350 145 156
744 104 1044 147 QUINTILIANI

264 212 386 264 potes
417 213 534 252 tutus
566 224 656 252 esse
686 212 731 252 in
762 225 811 252 ea
837 211 1016 264 civitate,
1046 211 1092 252 in
1117 225 1198 266 qua
1221 212 1398 254 timeris.
1427 212 1518 253 »ni-

265 267 327 309 hil
359 269 592 323 cogitasti.«
629 269 778 323 timeo,
809 269 909 309 dum
939 268 1141 310 innocens
1173 283 1235 323 es3
1270 283 1434 323 vereor,
1464 284 1518 310 ne

267 326 303 366 si
335 326 428 380 quis
459 329 503 367 te
529 326 746 380 occiderit,
776 326 969 368 videatur
999 326 1326 380 tyrannicidium
1355 327 1518 369 fecisse.

724 452 1065 496 GCLXXXIX.

220 544 239 574 5
650 533 889 576 Amator
943 533 1135 576 filiae.

267 613 350 663 Qm
376 626 519 656 CAUSA
543 626 712 657 Momm
738 627 919 669 FUERIT,
951 626 1114 657 CAPITE
1138 627 1379 658 PUNIATUR.
1420 615 1519 670 Spe-

384 673 542 714 ciosam
586 674 754 727 quidam
797 674 949 726 filiam,
999 674 1048 715 de
1099 687 1241 715 amore
1289 673 1519 728 confessus,

384 731 519 772 amico
552 730 667 772 dedit
692 732 940 772 servandam
966 734 1008 772 et
1032 731 1212 787 rogavit,
1241 745 1294 772 ne
1320 731 1403 773 sibi
1425 731 1518 773 red-

382 788 551 830 deretur
580 790 754 843 petenti.
791 791 890 843 post
918 792 1085 843 tempus
1115 789 1303 843 pet<i>it.
1339 803 1424 831 non
1454 803 1519 830 ac-

200 856 240 886 10
385 847 507 900 cepit.
570 847 789 900 suspendit
825 861 880 888 se.
942 850 1163 888 accusatur
1199 847 1376 902 amicus,
1407 847 1519 901 quod

383 918 511 945 causa
540 905 690 946 mortis
723 905 862 946 fuerit.

779 1018 1003 1061 SERMO.

355 1098 639 1141 Custodienda
676 1101 741 1141 est
772 1099 896 1140 amici
928 1113 1129 1153 persona,
1165 1101 1229 1153 ut,
1265 1113 1520 1154 quamquam

267 1157 316 1199 de
353 1172 399 1199 re
434 1157 614 1208 nefaria,
652 1171 739 1198 non
774 1159 919 1198 tamen
956 1157 1045 1198 sine
1081 1159 1276 1210 respectu
1307 1157 1431 1198 amici
1460 1157 1520 1199 lo-

199 1226 240 1256 15
268 1218 420 1269 quatur
452 1217 493 1256 et
524 1215 689 1256 actione
719 1216 812 1255 tota
841 1214 1091 1256 misereatur
1121 1215 1248 1268 illius,
1279 1214 1386 1257 illud
1408 1228 1521 1269 vero,

269 1273 380 1328 quod
411 1273 557 1327 periit,
593 1273 736 1314 laudet
768 1275 810 1313 et
840 1272 978 1327 magis
1011 1272 1305 1326 desperatione
1335 1287 1430 1314 eum
1460 1272 1519 1314 fe-

270 1331 377 1372 cisse
409 1330 533 1384 dicat,
564 1345 691 1385 quam
723 1330 978 1384 cogitatione
1008 1330 1247 1384 turpissimi
1279 1330 1446 1372 amoris.

681 1443 1109 1487 DECLAMATIO.

356 1527 598 1580 Antequam
622 1527 729 1580 dico,
754 1542 835 1581 quo
861 1527 1036 1568 crimine
1060 1541 1156 1568 reus
1182 1526 1275 1581 sim,
1300 1526 1520 1568 dicendum

197 1595 242 1627 20
268 1587 350 1638 est,
393 1585 458 1626 cui
502 1584 618 1625 dicar
653 1584 783 1626 fuisse
821 1598 948 1626 causa
976 1585 1143 1626 mortis.
1203 1584 1332 1639 periit
1362 1585 1521 1626 amicus

269 1656 398 1684 meus.
429 1656 516 1683 non
535 1656 626 1683 esse
650 1641 730 1683 hoc
756 1642 932 1696 vulgare
956 1656 1112 1683 nomen
1135 1642 1227 1695 ipse
1252 1642 1518 1684 monstravit.

266 1701 379 1742 hunc
415 1700 546 1754 igitur
586 1699 788 1741 occidisse
829 1699 946 1741 dicor
984 1700 1101 1740 nulla
1140 1699 1247 1740 lucri
1287 1713 1379 1753 spe:
1421 1714 1522 1741 nam

266 1758 399 1799 filiam
429 1758 714 1812 relinquebat3
744 1757 862 1799 nulla
887 1758 1065 1798 offensa:
1095 1771 1196 1798 nam
1216 1759 1258 1798 et
1275 1757 1396 1798 illam
1415 1756 1522 1798 mihi

269 1816 454 1866 credidit,
486 1818 528 1856 et
558 1829 638 1871 ego
668 1815 778 1856 nihil
809 1815 888 1856 feci
917 1818 1039 1856 extra
1068 1816 1352 1869 praeceptum.
1401 1814 1520 1868 quid-

200 1885 243 1916 25
269 1874 369 1928 quid
401 1876 466 1915 est
494 1873 638 1929 igitur,
670 1873 782 1928 quod
807 1873 988 1915 obicitur
1018 1873 1136 1927 mihi,
1167 1886 1217 1914 ex
1241 1872 1354 1914 bona
1377 1874 1519 1914 mente

269 1931 562 1986 proficiscitur.
622 1931 852 1974 Videamus
883 1934 1040 1986 tamen,
1071 1945 1126 1972 an
1155 1930 1230 1972 ubi
1261 1930 1426 1977 animus
1457 1944 1522 1971 ac-

269 1990 409 2031 cusari
439 2004 527 2032 non
558 1989 698 2044 debet,
729 1989 794 2030 ius
825 1989 1010 2031 haereat.

363 2097 380 2126 1
415 2097 456 2126 Ν
490 2095 521 2126 A
555 2093 567 2136 ΙΙ
603 2093 708 2136 poste
744 2094 812 2139 Aa,
844 2092 912 2136 pot
935 2093 993 2135 (=
1012 2092 1148 2136 potest)
1173 2093 1199 2124 Β
1235 2090 1248 2134 fl
1281 2091 1365 2124 tuus
1389 2091 1416 2122 B
1451 2089 1465 2133 ΙΙ
1500 2092 1523 2123 4

269 2143 544 2192 ΟΟΒΧΧΧΙΙΙῙ
558 2152 584 2183 Β
610 2151 622 2194 Η
646 2153 667 2184 9
691 2149 877 2196 *peti<i>t
893 2150 905 2193 ΙΙ
926 2153 967 2184 16
992 2148 1089 2194 perit
1113 2151 1174 2182 AB
1193 2149 1205 2191 n
1223 2147 1371 2183 laudaet
1394 2149 1424 2180 A
1441 2146 1453 2191 ΙΙ
1471 2146 1522 2180 fe-

266 2197 364 2286 :cBi'ssg
386 2197 570 2288 {thesAtaAE
581 2200 623 2275 13
649 2197 747 2240 quod
772 2199 824 2230 Aa
842 2199 854 2241 ss
873 2200 916 2231 23
942 2195 1004 2231 ille
1023 2198 1052 2229 A
1071 2197 1082 2239 Η
1101 2199 1143 2230 27
1168 2205 1241 2229 non
1265 2195 1389 2239 potest
1413 2192 1523 2228 debet
