1604 2488
440 108 868 147 DEOLAMATIONES.
894 107 1080 146 CCCXVI.
1317 106 1404 149 243

632 253 876 299 GCGXVI.

460 349 605 393 Flens
636 348 886 393 luxuriosi
916 347 1069 403 pater.

111 434 241 478 Flens
273 436 396 492 pater
425 449 504 490 per
533 433 754 490 publicum
786 432 925 475 filium
956 432 1226 476 luxuriosum
1259 447 1405 488 seque·

230 494 372 538 batur.
424 494 666 536 dementiae
697 507 796 535 reus
830 495 907 536 est.

639 610 872 655 SERMO.
1430 620 1452 653 5

199 696 296 740 Hoc
348 710 484 754 genus
529 695 920 738 controversiarum
965 709 1101 750 paene
1146 694 1404 737 divisionem

111 771 200 800 non
238 757 388 812 exigit.
454 756 532 798 illa
570 755 811 798 communis
850 754 939 796 fere
978 754 1178 797 omnibus
1219 769 1271 796 ex
1308 754 1406 810 lege

114 816 356 859 dementiae
405 815 692 871 pendentibus
737 814 1041 857 controversiis
1086 813 1283 869 quaestio
1328 816 1406 869 est,

114 875 215 932 quid
248 874 467 918 dementia
500 874 586 917 sit?
618 876 662 916 et
693 888 749 916 an
780 873 886 916 haec
918 873 1136 916 dementia
1162 873 1252 916 sit?
1283 874 1329 915 in
1354 887 1405 915 eo

114 934 264 991 qu0[d]
293 934 552 990 quaerimus,
584 933 687 989 quid
713 933 772 975 sit
797 932 1026 987 dementia,
1058 935 1101 975 et
1131 932 1405 975 finitionibus
1435 943 1478 974 10

111 994 331 1049 utrimque
368 993 526 1050 positis
562 996 606 1036 et
638 993 757 1036 omni
789 994 980 1035 tractatu
1011 992 1124 1035 hanc
1158 994 1406 1035 controver-

111 1053 221 1096 siam
254 1052 507 1106 dividemus,
549 1055 598 1094 ut
630 1055 881 1108 quaeratur:
919 1054 1066 1094 utrum
1105 1051 1326 1094 dementia
1357 1066 1408 1094 ea

112 1113 287 1156 demum
312 1111 453 1168 accipi
480 1111 647 1167 debeat,
674 1126 784 1168 quae
809 1111 971 1154 habeat
997 1111 1223 1168 aequalem
1248 1111 1407 1154 mentis

113 1186 320 1228 errorem,
353 1186 410 1214 an
446 1171 581 1214 etiam
622 1185 674 1214 ex
706 1171 887 1227 singulis
925 1171 996 1214 vel
1028 1170 1179 1227 paucis
1210 1170 1408 1226 intellegi

111 1231 284 1287 possit?
327 1230 446 1274 Haec
473 1245 603 1286 saepe
627 1232 818 1273 tractata
845 1233 963 1273 sunt:
996 1230 1050 1273 ad
1076 1231 1239 1272 crimen
1264 1231 1406 1285 ipsum
1435 1239 1478 1272 15

112 1291 349 1333 veniamus.
390 1290 597 1346 intellego
625 1293 670 1332 et
694 1289 914 1346 indignari
938 1304 1066 1345 posse
1085 1289 1200 1333 hunc
1226 1292 1408 1345 patrem,

114 1349 229 1406 quod
259 1364 358 1392 reus
390 1349 632 1392 dementiae
660 1364 685 1391 a
709 1350 933 1392 luxurioso
959 1349 1050 1404 fiat,
1082 1352 1126 1391 et
1153 1363 1250 1391 eum
1270 1349 1409 1391 multa

115 1409 306 1466 graviter
343 1411 388 1451 et
425 1423 577 1465 aspere
619 1408 761 1451 dicere
800 1412 952 1452 contra
990 1409 1127 1451 filium
1158 1423 1306 1464 posse:
1344 1422 1407 1450 re-

113 1469 218 1524 cipit
249 1467 486 1511 adversarii
522 1482 726 1523 persona3
761 1468 837 1510 sed
868 1468 1102 1523 videamus,
1134 1483 1191 1510 an
1227 1468 1410 1523 recipiat

112 1531 278 1571 nostra.
318 1542 421 1571 nam
441 1528 552 1570 sicut
570 1527 702 1583 paulo
724 1530 825 1570 ante
843 1527 1165 1583 praecipiebam
1191 1527 1330 1582 vobis,
1359 1530 1410 1570 ut
1435 1538 1481 1570 20

112 1602 346 1643 personam
393 1587 671 1630 intueremini
732 1587 841 1642 eius,
898 1587 1013 1643 apud
1058 1601 1183 1643 quem
1228 1587 1408 1630 dicenda

116 1650 232 1690 esset
258 1645 491 1690 sententia:
524 1647 586 1689 sic
605 1661 718 1689 nunc
745 1661 914 1703 quoque
947 1647 1203 1689 admoneam
1234 1661 1408 1690 necesse

114 1709 192 1758 est,
223 1709 273 1750 ut
302 1707 550 1749 intueamur
581 1720 827 1762 personam,
860 1721 991 1762 quam
1021 1707 1150 1750 nobis
1176 1706 1410 1750 induimus,

113 1768 240 1822 pater
269 1765 341 1808 hic
373 1765 515 1821 qualis
537 1765 632 1808 est?
663 1780 751 1809 non
784 1780 897 1808 acer:
929 1766 1200 1809 luxuriosum
1225 1780 1314 1809 non
1335 1766 1407 1808 ab·

114 1825 286 1881 dicavit,
315 1838 404 1868 non
436 1826 704 1868 conviciatus
732 1828 818 1881 est3
855 1826 987 1868 etiam
1019 1840 1118 1868 cum
1145 1825 1310 1881 aliquid
1337 1825 1407 1867 ad·
1434 1836 1480 1868 25

113 1884 318 1928 monendi
350 1885 494 1942 gratia
525 1885 706 1937 faceret,
744 1887 884 1927 tacuit
913 1887 1072 1928 tamen.
1134 1900 1223 1927 non
1254 1885 1406 1927 durus:

115 1944 235 1986 flevit
273 1945 400 1987 enim.
461 1944 668 2000 quidquid
705 1947 856 1987 contra
901 1945 1090 1987 colorem
1130 1945 1235 1987 talis
1275 1945 1409 1986 animi

117 2003 368 2059 dixerimus,
412 2003 600 2058 quodam
644 2003 772 2046 modo
817 2007 967 2046 contra
1010 2003 1160 2046 thema
1204 2004 1409 2047 dicemus.

119 2063 346 2106 consilium
383 2062 527 2119 itaque
564 2063 701 2105 totius
740 2063 923 2106 actionis
963 2078 1014 2105 ex
1051 2063 1122 2106 his
1154 2078 1307 2119 capere
1339 2064 1408 2107 de-

213 2171 258 2204 10
284 2179 360 2213 qua
373 2171 437 2211 Aa,
464 2178 562 2212 quoa
575 2170 645 2210 Ab,
672 2166 773 2212 quod
791 2170 830 2212 B,
856 2179 947 2204 corr.
968 2168 1027 2204 Ro
1046 2172 1079 2204 et
1097 2168 1150 2205 Ra·
1167 2170 1180 2215 ΙΙ
1201 2173 1243 2204 11
1265 2171 1407 2205 utrum-

117 2225 189 2260 que
214 2218 268 2250 Aa
292 2216 305 2260 ΙΙ
331 2219 374 2250 12
402 2214 528 2251 divide
554 2218 581 2249 Β
600 2217 612 2260 ΙΙ
634 2219 676 2250 13
703 2216 951 2261 quaequalem
976 2219 1029 2250 Aa
1048 2218 1060 2262 ΙΙ
1087 2221 1130 2252 17
1156 2228 1230 2262 quo
1255 2228 1339 2253 reus
1365 2220 1406 2261 Δ,

118 2273 192 2306 quo
224 2265 263 2297 et
294 2263 373 2298 eius
398 2266 425 2296 B
451 2265 463 2308 ῃ
491 2267 533 2299 18
567 2264 671 2298 aetas
704 2262 920 2308 praedicere
946 2267 972 2299 B
998 2265 1010 2309 ΙΙ
1038 2267 1080 2299 19
1107 2263 1300 2300 adversari
1324 2275 1407 2309 per-

123 2319 236 2345 sonae
261 2312 288 2344 B
307 2311 320 2356 u
339 2313 383 2346 28
412 2310 626 2346 duxerimus
651 2313 710 2371 Eg

1120 2372 1191 2418 ιο*
