1586 2476
117 825 159 856 10

115 1115 158 1146 15

114 1405 157 1436 20

114 1695 156 1726 25

187 93 244 135 62
665 92 965 137 QUINTILIANI

187 201 336 255 animi,
377 204 425 243 ut
466 201 547 242 hac
584 201 846 243 excusandus
883 201 951 242 sit.
1012 201 1193 242 alterum
1227 200 1335 243 illud
1365 204 1443 255 est,

187 259 314 314 quod,
353 260 389 300 si
425 258 713 301 defensionem
750 259 863 300 ultra
901 258 1182 300 excusationis
1212 259 1443 301 'terminum

185 316 456 371 proferimus,
498 317 732 358 laudandus
771 319 836 358 est
873 316 1129 359 adulescens.
1195 319 1443 373 arroganter

187 378 327 416 autem
359 375 487 416 faciet
517 377 560 416 et
590 374 762 428 tumide,
794 375 829 416 si
862 375 1048 428 coeperit
1075 389 1119 416 se
1143 374 1234 429 ipse
1252 374 1441 416 laudare:

185 433 436 486 praesertim
466 433 700 474 iactaturus
732 433 792 486 id,
823 432 934 488 quod
965 431 1102 474 faeere
1132 432 1270 488 possit
1300 446 1326 474 a
1355 432 1441 474 for-

185 494 290 532 tuna
315 505 418 532 esse.
450 490 643 532 dabimus
670 504 770 545 ergo
795 490 874 545 illi,
904 490 970 532 his
997 489 1147 546 causis,
1178 489 1442 533 advocatum.

593 615 1032 660 DECLAMATIO.

271 698 371 740 Non
395 713 566 740 necesse
592 702 684 740 erat
708 699 826 753 mihi,
857 698 1028 752 iudices,
1054 698 1104 740 de
1129 698 1231 740 facti
1256 698 1443 752 huiusce,

186 757 298 811 quod
317 757 360 797 in
380 757 537 798 crimen
562 759 749 810 vocatur,
780 757 945 798 ratione
971 756 1187 798 disserere.
1228 757 1314 798 scio
1343 756 1443 811 quid

186 815 389 856 advocato
411 815 514 856 satis
536 815 601 857 sit.
633 814 872 856 sufficiebat
890 815 970 856 hoc
990 814 1139 867 solum,
1160 814 1195 855 si
1217 814 1444 855 eximerem

185 873 272 927 legi
292 886 428 914 reum:
449 875 492 914 et
510 875 650 914 cetera
668 873 774 913 fiant
793 872 976 914 fortasse
1001 886 1076 926 pro
1097 872 1315 927 dignitate,
1339 872 1444 915 fiant

183 946 260 985 pro
286 930 556 984 conscientia,
580 945 657 985 pro
683 930 824 972 laude:
850 930 902 971 ad
927 945 1000 971 vos
1027 930 1069 972 id
1094 944 1224 973 unum
1243 930 1441 984 pertinet,

185 1003 237 1030 an
259 989 364 1043 lege,
396 1003 479 1043 qua
498 988 769 1044 cognoscitis,
796 988 1011 1042 obligatus
1032 988 1099 1040 sit,
1118 988 1189 1042 qui
1209 990 1441 1030 accusatur.

185 1061 291 1102 quae
328 1060 392 1088 res
430 1047 568 1099 vobis,
612 1060 695 1101 quo
733 1045 917 1087 atrocior
954 1048 1034 1099 est,
1075 1045 1155 1086 hoc
1196 1045 1442 1100 diligentius

185 1104 386 1146 intuenda
428 1107 504 1146 est.
566 1105 622 1145 sit
658 1104 880 1145 tolerabile
916 1103 1101 1145 formula
1137 1116 1279 1144 errare
1317 1105 1359 1143 et
1397 1104 1442 1144 in

183 1163 391 1216 petitione
433 1163 635 1216 pecuniae
677 1176 762 1204 non
798 1162 861 1203 uti
898 1162 987 1203 iure
1027 1174 1247 1203 concesso:
1280 1160 1443 1215 'aliquis

185 1223 311 1274 caput
329 1220 516 1262 hominis
535 1234 759 1275 perperam
778 1220 899 1274 petit,
922 1222 971 1260 ut
989 1221 1161 1271 terreat,
1184 1220 1233 1260 ut
1251 1217 1443 1260 occidat?

183 1278 262 1320 Rei
292 1278 488 1332 publicae
518 1279 657 1320 laesae
689 1277 895 1332 quaedam
922 1280 1034 1330 sunt,
1063 1276 1232 1326 iudices,
1263 1276 1315 1317 ad
1340 1289 1442 1330 quov

183 1351 277 1379 rum
320 1336 710 1391 pronuntiationem
755 1335 866 1378 oculi
910 1335 1132 1377 sufficiant.
1204 1334 1308 1375 satis
1351 1336 1444 1375 erat

184 1395 423 1437 accusatori
465 1394 701 1448 ostendere,
745 1394 780 1435 si
824 1393 926 1447 quid
960 1392 1029 1434 hic
1068 1392 1254 1434 laeserit:
1297 1391 1444 1446 aliqua

182 1453 450 1508 publicorum
498 1467 674 1507 operum
719 1452 905 1504 incensa,
947 1465 1094 1492 eversa
1136 1450 1204 1492 vel
1244 1452 1443 1504 corrupta

183 1511 370 1563 navalia,
409 1525 526 1553 arma
556 1511 702 1552 usibus
735 1510 837 1551 belli
870 1512 1031 1563 erepta3
1072 1507 1231 1562 aliquid
1263 1507 1443 1561 denique

183 1582 339 1620 eorum,
365 1582 471 1623 quae
499 1568 668 1622 publice
699 1567 977 1620 possidemus,
1008 1566 1076 1620 (ea
1107 1568 1207 1607 sunt
1236 1566 1349 1608 enim
1379 1565 1442 1606 rei

183 1626 397 1680 publicae)
422 1626 607 1668 deterius
632 1625 758 1667 huius
782 1625 930 1666 fraude
955 1626 1080 1678 atque
1099 1623 1254 1665 iniuria
1271 1623 1442 1665 fantum.

185 1683 337 1727 Cetera
368 1684 529 1726 habent
560 1697 656 1725 suas
689 1683 824 1737 leges,
854 1697 932 1724 sua
961 1682 1073 1736 iura,
1110 1695 1210 1722 suas
1240 1681 1442 1723 actiones.

183 1743 218 1784 si
242 1742 332 1793 hos,
364 1756 469 1796 quos
495 1742 704 1796 recepisse
729 1741 895 1794 dicitur,
926 1739 1159 1792 occidisset,
1183 1752 1269 1780 non
1294 1741 1441 1780 tamen

181 1801 243 1842 rei
274 1800 467 1854 publicae
498 1800 639 1841 laesae
670 1799 759 1841 iure
781 1798 917 1840 teneri
942 1797 1165 1839 videretur.
1197 1796 1284 1837 sint
1307 1796 1440 1851 igitur

277 1914 446 1949 1*animo
471 1917 533 1947 ΔΒ
552 1915 565 1958 ΙΙ
582 1914 650 1948 hec
673 1916 712 1955 Β,
736 1912 796 1947 hic
821 1916 875 1946 GP
894 1912 905 1956 {l
924 1916 945 1946 4
970 1912 1000 1947 si
1014 1921 1052 1946 se
1065 1910 1229 1956 coeperit
1239 1910 1318 1955 ipse
1342 1912 1369 1943 Β
1388 1911 1401 1954 ΙΙ
1420 1913 1440 1944 5

181 1961 218 1996 id
246 1961 361 2006 quod]
387 1960 486 2005 quod
510 1960 550 1995 id
573 1961 678 1995 malit
702 1959 759 1994 Ro
776 1960 788 2003 ΙΙ
807 1963 827 1994 9
853 1958 951 2002 quod
976 1961 1006 1992 Δ
1023 1959 1035 2002 ΙΙ
1056 1962 1096 1992 11
1125 1959 1162 1992 et
1187 1956 1217 1992 si
1242 1968 1261 1992 c
1285 1958 1365 1992 tera
1387 1955 1442 2002 ΒΗ

184 2011 225 2043 12
252 2019 298 2042 an
324 2007 406 2052 gele
431 2010 496 2049 Aa,
521 2018 568 2042 an
591 2006 667 2051 legi
691 2009 717 2039 Β
737 2007 748 2049 ΙΙ
771 2010 811 2040 14
836 2005 892 2040 vis
918 2008 957 2047 Δ,
983 2015 1048 2040 om.
1074 2007 1112 2047 Β,
1138 2014 1227 2038 corr.
1281 2003 1323 2038 ch
1340 2003 1352 2046 fl
1372 2004 1403 2048 γ.
1421 2004 1440 2035 t

182 2057 239 2096 (κε
261 2055 317 2089 est
340 2053 413 2097 vel)
439 2054 510 2088 hoc
537 2056 566 2088 Δ
595 2054 608 2096 1]
643 2056 684 2087 15
712 2052 742 2086 si
767 2053 831 2087 toL
858 2054 884 2085 Β
909 2053 921 2096 ΙΙ
942 2055 984 2086 16
1010 2061 1129 2086 nonne
1154 2049 1232 2084 iure
1255 2051 1294 2093 Β,
1317 2058 1439 2085 numne

180 2111 264 2135 vere
289 2103 315 2134 Ρ
344 2102 356 2144 ΙΙ
386 2103 432 2134 20
465 2110 539 2135 acc.
565 2099 709 2134 hostem
735 2098 842 2146 edere
867 2109 976 2142 qnam
1001 2097 1061 2132 hic
1085 2099 1111 2130 B
1146 2098 1159 2141 ss
1195 2099 1238 2131 21
1263 2095 1439 2140 inpensae

180 2157 287 2182 versa
311 2149 358 2190 A,
382 2146 546 2191 impense
570 2158 603 2182 v.
629 2148 673 2189 Β,
699 2155 789 2181 corr.
814 2145 862 2180 R
890 2145 904 2188 Η
935 2147 980 2179 24
1004 2143 1106 2178 facta
1129 2145 1204 2183 ΔΒ,
1241 2151 1330 2177 corr.
1356 2140 1410 2176 Gr
1427 2141 1439 2187 Η

181 2197 225 2229 25
252 2194 372 2228 cetera
396 2192 431 2228 h.
459 2205 484 2227 s.
510 2193 534 2227 l.
561 2205 587 2227 s.
613 2191 694 2227 iura
719 2202 783 2227 om.
810 2195 861 2225 Aa
897 2192 909 2235 ΙΙ
945 2194 989 2226 26
1015 2190 1083 2224 hoc
1109 2192 1161 2223 Aa.
1196 2190 1209 2233 11
1245 2191 1289 2224 27
1314 2189 1438 2222 tenere

181 2239 350 2275 videatur
375 2242 427 2272 Aa
445 2240 457 2282 ΙΙ
476 2241 561 2274 sunt
585 2241 611 2272 B
1214 2245 1218 2248 ⁴
