1604 2488
449 100 872 149 DEcLAMATmNES.
899 110 1102 148 cccxxv.
1331 109 1418 153 277

130 223 176 265 et
216 223 325 264 ante.
359 221 448 264 ista
490 221 607 264 bona
650 221 708 264 ad
749 221 876 264 deum
917 221 1135 276 pertinere
1172 222 1420 276 coeperunt,

130 295 261 337 quam
290 281 361 323 lex
393 281 632 324 damnaret.
675 281 784 336 vide,
816 282 1027 336 quantum
1058 278 1234 323 recedas
1266 279 1321 322 ab
1353 280 1418 322 in-

127 339 308 384 tellectu
343 340 449 383 iuris
480 341 670 383 huiusce.
732 341 771 383 si
801 339 976 382 caedem
1008 341 1110 382 ante
1142 339 1420 395 sacrilegium

129 399 440 451 commisisset,
484 402 634 443 tamen
677 414 775 442 cum
817 402 970 455 postea
1009 399 1153 442 caedis
1188 398 1419 441 damnatus

129 461 260 514 esset,
316 459 370 501 ad
425 459 552 502 deum
607 459 751 515 potius
807 459 1089 515 pertinerent.
1156 472 1246 500 non
1303 458 1419 500 enim

127 517 356 574 prodesset
380 518 475 574 tibi,
507 518 621 574 quod
645 519 766 574 prius
791 518 935 560 caedis
960 521 1134 574 tempus
1161 519 1288 572 esset,
1314 532 1421 572 quo-

126 577 247 620 niam
279 578 349 620 lex
380 579 457 620 tua
487 592 577 621 non
608 577 663 620 ad
695 577 882 632 caedem,
914 578 989 620 sed
1015 577 1069 620 ad
1094 577 1421 620 damnationem

126 637 330 692 pertinet.
396 652 509 680 nunc
552 651 671 693 vero,
716 652 812 680 cum
850 637 1129 693 sacrilegium
1167 639 1266 679 ante
1306 650 1420 678 com-

127 696 310 738 missum
348 696 424 751 sit,
469 702 599 752 quam
639 696 809 752 caedes,
852 711 941 739 non
979 699 1045 739 est
1077 696 1273 751 dubium,
1317 695 1421 750 quin

126 754 243 797 bona
274 755 362 797 ista
392 755 545 811 templi
577 759 690 798 sunt.

129 813 1115 930 bengffio⁶2²}”2a01’333332mflffiffnflssssl’iffi
1128 827 1421 916 ..53501353

129 932 306 975 hercule
338 934 470 975 etiam
502 933 580 975 illa
606 933 769 988 caedes,
800 933 1009 976 beneficio
1042 933 1190 987 (non)
1223 936 1306 975 tuo.
1369 946 1422 974 ex

129 1006 214 1047 quo
248 991 382 1034 semel
420 1007 575 1034 manus
615 992 876 1048 inquinavit,
911 993 1134 1035 insecutae
1176 994 1277 1034 sunt
1317 991 1421 1034 illae

127 1050 328 1107 protinus
359 1050 510 1106 furiae,
540 1054 589 1094 ut
620 1052 735 1094 hunc
765 1051 986 1094 hominem
1016 1051 1165 1107 palam
1194 1050 1421 1106 occideret,

126 1111 177 1151 ut
194 1123 292 1152 reus
315 1109 566 1166 deferretur,
590 1114 640 1153 ut
666 1111 960 1166 damnaretur,
991 1113 1041 1153 ut
1058 1113 1347 1166 torqueretur,
1372 1112 1423 1152 ut

128 1168 418 1212 confiteretur.
469 1185 524 1212 an
554 1185 656 1213 vero
688 1174 738 1212 tu
769 1171 909 1226 illum,
939 1170 1055 1226 quod
1087 1170 1364 1225 sacrilegium
1396 1184 1423 1211 a

129 1241 175 1270 se
207 1228 487 1271 commissum
519 1243 613 1271 esse
640 1230 762 1285 dixit,
792 1230 1067 1285 praestitisse
1092 1229 1280 1284 ignibus,
1313 1242 1422 1283 quos

127 1301 208 1329 nos
241 1287 515 1342 subiecimus,
547 1291 623 1331 aut
652 1289 841 1344 flagellis
873 1288 1033 1343 putas?
1077 1288 1191 1330 nihil
1222 1288 1300 1330 illa
1330 1290 1419 1330 tor-

127 1347 276 1389 menta
313 1346 368 1389 ad
399 1347 713 1390 confessionem
746 1347 963 1403 sacrilegii
993 1347 1292 1402 pertinebant,
1331 1360 1421 1389 non

128 1405 180 1448 de
217 1405 300 1448 hoc
339 1406 636 1461 torquebatur.
696 1422 858 1450 numen
890 1409 984 1449 erat
1015 1406 1230 1462 profecto,
1260 1420 1422 1448 numen

129 1464 250 1520 illud,
282 1465 396 1520 quod
423 1466 638 1508 subiceret
664 1466 793 1521 faces,
826 1466 940 1521 quod
967 1466 1205 1508 acrioribus
1232 1465 1420 1507 stimulis

130 1524 338 1580 agitaret:
366 1539 444 1568 vos
471 1525 524 1567 de
551 1525 680 1567 caede
706 1524 999 1581 torquebaffis,
1023 1525 1098 1568 ille
1118 1525 1168 1567 de
1190 1524 1420 1580 sacrilegio

130 1583 428 1627 confitebatur.

643 1678 908 1723 CCCXXV.

423 1761 681 1805 Hereditas
713 1761 824 1805 fidei
856 1763 1127 1808 commissa.

127 1844 299 1902 Pauper
342 1847 387 1888 et
424 1845 543 1888 dives
587 1845 718 1888 vicini
756 1849 892 1888 erant.
960 1847 1142 1901 pauperi
1179 1862 1287 1890 uxor
1325 1862 1422 1902 spe-

251 1905 382 1947 ciosa.
425 1918 574 1946 rumor
606 1907 711 1960 erat,
742 1905 978 1947 adulterari
1008 1906 1213 1960 pauperis
1242 1921 1421 1948 uxorem

250 1979 276 2006 a
314 1963 466 2018 divite,
505 1963 676 2006 conscio
717 1963 823 2006 viro.
885 1963 1054 2006 delatus
1085 1964 1290 2007 lenocinii
1319 1980 1420 2008 reus

248 2035 413 2079 pauper
446 2024 488 2063 et
521 2022 746 2064 absolutus
780 2024 858 2065 est.
904 2022 1022 2065 dives
1055 2022 1239 2066 decessit
1262 2024 1420 2068 herede

227 2154 246 2185 1
273 2150 322 2186 ad
348 2150 481 2194 dffiA,
508 2149 556 2185 ad
582 2160 666 2185 eum
690 2151 717 2182 B
742 2150 755 2194 ss
779 2153 802 2184 4
828 2150 927 2196 cum]
955 2150 1132 2196 quoniam
1156 2154 1187 2186 Δ
1206 2152 1218 2197 ΙΙ
1238 2155 1259 2187 5
1285 2152 1417 2188 adeum

129 2199 160 2232 Δ
178 2199 191 2244 ΙΙ
210 2201 231 2233 9
258 2196 384 2234 caedis
408 2198 470 2243 All
494 2202 534 2232 11
563 2196 659 2231 mihi
683 2207 750 2232 om.
776 2199 802 2231 B
822 2198 834 2242 11
855 2201 898 2232 13
924 2198 1105 2234 beneficio
1132 2210 1198 2236 suo
1222 2202 1299 2243 AB,
1325 2211 1418 2237 corr.

130 2243 190 2281 Ro
214 2246 228 2290 ΙΙ
252 2249 298 2281 14
322 2245 486 2282 insertae
512 2247 539 2278 B
565 2246 576 2289 ΙΙ
602 2248 646 2279 21
673 2254 810 2279 nomen
834 2247 908 2289 Aa,
934 2256 1000 2281 om.
1027 2249 1054 2280 B
1074 2246 1085 2291 ΙΙ
1109 2257 1246 2282 nomen
1270 2250 1324 2284 Aa
1342 2249 1355 2292 ΙΙ
1373 2250 1421 2282 28

131 2294 300 2339 adultari
325 2306 366 2348 A,
393 2303 555 2339 adulteri
579 2303 702 2347 131129
729 2302 858 2338 concio
884 2306 911 2337 B

1449 766 1492 797 10

1448 1061 1492 1093 15

1446 1358 1492 1390 20

1446 1679 1492 1711 25

1445 2034 1492 2066 30
