1578 2470
168 782 210 812 10

167 1186 209 1216 15

166 1475 211 1506 20

167 1764 212 1796 25

235 111 322 152 330
713 111 994 153 QUINTILIAN
995 113 1012 147 Ι

660 215 1046 260 CCCXXXVIII.

352 285 435 328 Lis
467 285 522 328 de
552 286 652 328 filio
683 287 974 340 expositoris
1006 287 1054 330 et
1082 287 1368 341 repudiatae.

237 367 415 416 Quidam
457 367 678 422 repudiata
719 383 868 422 uxore,
911 383 961 410 ex
998 383 1080 423 qua
1121 369 1314 412 iuvenem
1357 370 1490 412 filium

352 425 539 467 habebat
582 428 655 467 aut
698 426 919 468 videbatur
961 427 1136 482 habere,
1187 427 1307 469 duxit
1348 429 1490 470 aliam.

351 483 593 537 frequenter
622 484 763 538 iurgia
788 488 910 526 erant
934 488 1046 526 inter
1075 485 1316 540 privignum
1348 488 1390 528 et
1419 500 1492 527 no-

353 555 531 583 vercam.
592 542 774 596 quodam
812 545 1002 597 tempore
1040 543 1232 584 adserere
1263 544 1402 598 eoepit
1430 543 1491 585 iu-

353 613 499 640 venem
537 614 698 653 pauper
735 600 907 653 quidam
943 603 986 642 et
1022 600 1158 642 dicere
1195 615 1315 642 suum
1346 601 1493 643 filium.

354 657 408 708 is,
446 657 518 711 qui
549 660 671 710 pater
702 658 942 711 videbatur,
980 658 1107 700 torsit
1135 659 1356 700 nutricem.
1415 659 1493 700 illa

353 715 502 768 primis
534 715 761 756 tormentis
794 715 954 757 domini
980 730 1070 757 esse
1095 716 1232 758 filium
1256 716 1373 759 dixit.
1416 717 1491 758 ite-

352 787 447 813 rum
489 775 603 814 torta
641 773 748 814 dixit
785 774 1024 827 expositum
1061 788 1154 815 esse
1191 775 1244 816 ab
1283 774 1378 827 illo,
1422 775 1493 828 qui

354 831 521 883 asserit,
565 832 607 872 et
649 831 759 872 inter
795 831 899 872 haee
935 834 1103 873 mortua
1141 834 1217 874 est.
1283 832 1394 874 cedit
1428 832 1494 873 illi

353 891 476 941 pater
506 890 713 942 iuvenem,
744 889 966 943 repudiata
996 890 1182 931 vindieat
1207 890 1300 932 sibi.

487 1001 554 1036 DE
581 1002 869 1038 PROOEMIO
895 1003 964 1037 ET
990 1002 1243 1039 EPILOGO.

756 1107 980 1150 SERMO.

323 1175 596 1218 Prooemium
626 1177 841 1231 propriam
874 1178 1069 1232 formam,
1099 1178 1314 1232 propriam
1345 1179 1494 1233 legem,

237 1233 456 1287 proprium
493 1234 663 1275 modum
701 1235 852 1276 habet:
896 1250 1030 1289 neque
1066 1236 1325 1278 narrationis
1357 1236 1495 1278 forma

237 1292 350 1333 eadit
392 1292 437 1332 in
485 1293 767 1346 prooemium,
815 1307 950 1347 neque
993 1293 1192 1335 locorum.
1264 1294 1339 1335 uni
1380 1294 1495 1348 parti

238 1349 555 1391 declamationis
582 1350 692 1391 solet
717 1365 807 1392 esse
835 1351 985 1404 simile,
1011 1351 1199 1406 epilogo:
1230 1351 1325 1394 ideo
1351 1354 1491 1394 autem

238 1408 394 1461 simile,
431 1408 542 1462 quod
587 1410 765 1463 utraque
798 1423 900 1462 pars
941 1409 1180 1463 frequenter
1218 1412 1338 1452 extra
1373 1424 1495 1464 quae—

238 1466 419 1507 stionem
458 1468 533 1507 est.
587 1481 687 1507 nam
726 1469 768 1507 et
797 1467 1061 1520 prooemium
1091 1481 1182 1509 rem
1211 1466 1424 1521 praeeedit
1454 1470 1496 1508 et

239 1524 429 1578 epilogus
468 1523 590 1564 finita
626 1539 670 1565 re
709 1525 874 1566 dieitur.
935 1529 1156 1578 praeterea
1186 1528 1365 1579 utraque
1388 1538 1494 1578 pars

238 1582 350 1622 idem
381 1581 474 1623 vult
505 1582 683 1636 efficere,
715 1583 938 1624 conciliare
970 1583 1051 1624 sibi
1082 1583 1274 1626 iudicem.
1311 1583 1392 1624 hoe
1417 1582 1495 1624 dif-

238 1639 395 1680 ferunt:
449 1640 667 1692 prooemia
715 1643 932 1693 praestare
977 1641 1146 1694 debent,
1194 1643 1242 1682 ut
1283 1641 1496 1682 intentum

238 1696 418 1738 iudicem
443 1697 620 1748 faciant3
646 1697 750 1738 haec
775 1712 874 1751 pars
895 1698 1035 1739 oneris
1057 1699 1225 1752 epilogo
1245 1698 1494 1739 remittitur:

239 1755 345 1796 dixit
366 1755 490 1795 enim.
510 1755 796 1809 †praeeedere
816 1755 986 1796 interim
1009 1756 1116 1797 solet
1135 1756 1350 1811 epilogum
1362 1756 1403 1811 †,
1413 1770 1494 1810 quo

330 1860 351 1891 3
377 1858 414 1891 et
438 1856 500 1900 qui
525 1859 551 1890 B
577 1858 588 1901 ΙΙ
614 1861 634 1891 6
669 1867 836 1891 assero
867 1860 897 1890 A
922 1859 932 1902 Η
954 1862 994 1891 11
1021 1857 1116 1892 inter
1140 1858 1232 1893 haec
1255 1857 1497 1893 intermortua

236 1906 262 1936 Β
293 1905 305 1947 ΙΙ
335 1903 400 1938 illo
426 1906 455 1937 Δ
486 1904 497 1948 ΙΙ
531 1907 572 1937 12
598 1903 767 1947 repudiat
790 1906 852 1936 AB
878 1904 888 1947 ΙΙ
917 1907 957 1938 13
985 1904 1191 1947 prhoem
1207 1907 1237 1938 A
1255 1905 1266 1950 ΙΙ
1284 1904 1495 1949 prohoemio

236 1951 294 1984 hic
319 1954 351 1985 et
372 1953 495 1993 postea
522 1952 568 1992 A,
593 1949 748 2003 phemio
773 1950 831 1984 hic
855 1955 888 1985 et
906 1954 1031 1994 postea
1055 1953 1081 1983 B
1113 1951 1124 1995 Η
1156 1949 1295 1995 epilogi
1319 1953 1384 1984 AB
1411 1952 1424 1995 ΙΙ
1451 1950 1495 1985 de

237 2008 290 2040 pr.
319 1997 356 2030 et
381 1996 528 2040 epilogo
554 1997 672 2030 nescio
697 2007 745 2030 an
771 2007 814 2030 eae
838 1997 1000 2040 maryiwe
1023 1997 1225 2040 inrepserit,
1249 1997 1293 2040 cf.
1317 1998 1471 2041 ponZeyy
1486 1997 1497 2041 ly

239 2046 281 2076 14
306 2042 558 2103 rohemiu‘z
583 2045 609 2075 B
628 2043 639 2086 ΙΙ
661 2046 702 2076 15
728 2043 928 2087 pilogus
952 2045 978 2076 B
998 2043 1010 2087 ΙΙ
1031 2046 1071 2077 18
1092 2044 1276 2088 epilogum
1295 2046 1322 2077 B
1340 2044 1352 2088 ss
1372 2046 1414 2078 19
1440 2053 1498 2077 res

237 2114 314 2152 AB
341 2122 429 2147 corr.
446 2111 503 2146 Ro
522 2112 533 2156 ΙΙ
553 2115 597 2146 20
622 2111 788 2156 procedit
811 2114 837 2145 Β
857 2114 868 2156 ΙΙ
888 2116 930 2146 21
956 2111 1060 2146 finita
1084 2123 1159 2146 rem
1184 2115 1226 2155 A,
1249 2112 1429 2147 finitatem
1453 2112 1498 2165 ΒΙΙ

237 2141 328 2192 dioi't
351 2161 376 2190 P
407 2159 419 2202 ΙΙ
450 2169 507 2193 res
532 2160 617 2199 AB,
645 2169 734 2192 corr.
761 2158 818 2193 Ro
837 2159 848 2202 Η
868 2162 911 2192 25
937 2159 1103 2203 repetere
1127 2157 1277 2194 inteiim
1301 2157 1395 2193 solet
1419 2158 1496 2202 epi-

237 2203 362 2249 logus,
389 2215 462 2248 quo
487 2208 548 2239 ete.
579 2203 651 2247 Gr;
683 2206 870 2248 praestare
894 2204 1042 2239 interim
1068 2217 1093 2239 s.
1121 2204 1305 2249 epilogus,
1330 2215 1402 2249 quo
1428 2205 1498 2247 Ro,

237 2251 279 2286 in
302 2261 371 2295 quo
395 2252 585 2296 praestare
611 2251 744 2285 dietum
770 2254 810 2285 ut
835 2251 960 2286 Instit.
986 2254 1076 2287 orat.
1103 2251 1172 2294 VI,
1187 2254 1220 2294 3,
1240 2255 1309 2286 101
