1604 2488
179 743 221 774 10

181 1033 222 1064 15

182 1323 226 1354 20

186 1611 228 1642 25

242 103 298 144 96
720 103 1019 146 QUINTILIANI

242 210 401 251 borem.
428 210 574 251 eodem
593 210 770 252 redeunt
790 212 943 253 omnia.
969 211 1067 265 quid
1087 212 1250 254 civitati
1268 213 1496 267 profuisti?

242 267 532 309 Advocatione
573 271 648 310 tua
683 268 878 310 defensus
916 272 981 311 est
1017 269 1186 323 aliquis:
1230 271 1303 313 sed
1345 271 1497 325 laesus,

243 326 315 379 qui
347 340 398 367 ex
429 325 594 367 diverso
626 330 727 368 erat.
776 327 971 381 eripuisti
1002 327 1188 381 periculo
1218 343 1357 370 reum:
1386 329 1497 370 unde

245 383 344 438 scio,
375 397 428 424 an
453 384 704 426 nocentem?
739 385 980 426 innocentia
1005 385 1173 439 quidem
1197 401 1273 440 per
1298 401 1342 428 se
1373 387 1498 429 valet.

245 441 468 482 damnatus
506 445 570 483 est
606 442 760 496 aliquis
799 445 1022 484 accusante
1051 445 1115 485 te:
1155 444 1265 486 unde
1295 445 1401 499 scio,
1445 459 1500 486 an

246 499 510 553 eloquentiae
536 500 685 541 vitium
706 500 790 541 sit?
822 500 931 549 Quid
956 514 1034 556 ego
1055 501 1104 542 de
1123 502 1300 556 privatis
1319 502 1499 557 loquor?

246 557 483 599 civitatium
528 560 663 599 status
708 559 861 600 scimus
906 559 957 599 ab
999 559 1238 601 oratoribus
1275 574 1367 602 esse
1404 574 1499 602 con-

246 629 408 657 versos:
441 616 529 657 sive
555 616 675 657 illam
694 616 1018 658 Atheniensium
1037 617 1262 671 civitatem,
1286 618 1500 684 quondam

246 673 332 714 late
368 673 619 728 principem,
661 673 817 716 intueri
853 675 1034 728 placeat,
1071 675 1229 717 accisas
1271 677 1358 718 eius
1390 676 1501 717 vires

248 731 632 773 animadvertemus
676 733 780 774 vitio
824 733 1178 786 contionantium3
1227 733 1315 775 sive
1356 734 1502 799 populi

247 788 431 830 Romani
463 792 622 830 statum
654 793 848 831 excutere
879 791 1148 844 voluerimus,
1177 805 1316 834 nonne
1342 791 1502 846 gravis-

248 847 378 888 simas
434 847 680 901 seditiones,
734 862 877 890 nonne
925 849 1238 891 turbidissimas
1286 849 1503 891 contiones

247 905 613 959 eloquentissimus
646 906 824 960 quisque
855 906 1032 948 habuit?
1064 921 1202 948 nonne
1232 907 1299 949 illi
1324 906 1505 949 Gracchi

248 963 300 1003 ad
332 963 602 1004 evertendam
632 977 722 1004 rem
753 964 967 1017 publicam
998 965 1064 1005 his
1096 965 1229 1006 veluti
1254 965 1384 1007 armis
1413 978 1502 1006 suc-

249 1021 700 1062 cinctitaccesserunt?
762 1021 870 1070 Quid
908 1035 987 1076 ego
1025 1022 1178 1076 dicam,
1215 1026 1418 1077 quantum
1450 1022 1503 1064 ci-

247 1078 371 1120 vitati
419 1079 602 1120 nocuerit
651 1079 918 1132 eloquentia?
968 1080 1050 1121 sibi
1100 1080 1255 1123 nocuit.
1317 1094 1503 1122 summos

248 1137 467 1190 utriusque
504 1137 638 1190 partis
677 1140 865 1178 oratores
898 1138 1123 1179 videamus.
1182 1152 1322 1180 nonne
1355 1137 1505 1180 Demo-

250 1194 440 1235 sthenem
466 1194 587 1235 illum
609 1208 860 1248 oppressum
879 1209 1038 1237 veneno
1060 1209 1136 1237 suo
1158 1196 1341 1238 scimus?
1365 1210 1504 1237 nonne

250 1250 495 1294 Ciceronem
543 1253 587 1293 in
634 1252 739 1307 illis,
786 1254 831 1294 in
873 1253 1025 1307 quibus
1067 1254 1228 1295 totiens
1276 1254 1506 1308 placuerat,

251 1310 401 1351 rostris
432 1323 592 1364 poenae
625 1325 725 1352 suae
756 1311 1024 1366 expositum?
1067 1311 1182 1353 Haec
1213 1311 1369 1353 dixisse
1400 1312 1504 1353 satis

253 1371 353 1410 erat.
385 1382 485 1409 nam
512 1368 548 1408 si
575 1368 738 1409 civitati
756 1368 865 1409 nihil
889 1369 1090 1410 utilitatis
1111 1369 1305 1411 adferunt
1329 1369 1386 1422 hi,
1411 1383 1506 1411 cum

252 1426 404 1480 quibus
436 1426 647 1479 contendi,
679 1427 783 1467 satis
810 1429 916 1480 erat,
941 1427 1134 1468 relictum
1161 1441 1252 1468 esse
1271 1441 1338 1468 me
1358 1427 1506 1469 solum.

340 1483 498 1538 Aliqua
529 1487 673 1526 tamen
703 1485 754 1525 de
786 1485 993 1526 medicina
1024 1485 1178 1540 dicam3
1208 1499 1293 1526 non
1324 1499 1390 1526 me
1415 1485 1507 1526 her-

254 1542 343 1582 cule
381 1542 566 1583 iactandi
602 1542 685 1583 mei
724 1556 868 1595 causa,
906 1543 977 1583 sed
1015 1542 1370 1585 commendandae
1402 1543 1506 1584 artis

254 1600 405 1653 ipsius,
442 1600 558 1641 cuius
591 1602 782 1641 auctores
815 1602 912 1641 ante
945 1601 1087 1647 omnia
1118 1601 1357 1655 accepimus
1389 1600 1506 1642 deos:

255 1658 341 1698 sive
372 1655 439 1712 (ut
470 1658 650 1698 maxime
681 1656 808 1712 reor),
839 1661 886 1699 ut
912 1657 1014 1699 haec
1038 1658 1263 1699 infirmitas
1288 1658 1507 1699 hominum

180 1735 186 1739 ·
253 1714 429 1756 haberet
461 1715 702 1757 adiumenta
726 1715 869 1769 aliqua
889 1718 1014 1769 atque
1034 1715 1202 1770 solatia3
1235 1716 1323 1757 sive
1341 1718 1508 1756 tantum

253 1772 352 1814 huic
397 1775 480 1814 arti
517 1773 702 1814 tribuere
739 1773 937 1825 maiores,
977 1775 1025 1814 ut
1061 1787 1154 1814 eam
1193 1774 1262 1814 vix
1294 1773 1509 1814 crederent

305 1867 322 1897 1
349 1863 501 1898 redeant
525 1867 581 1898 Bc
600 1866 611 1908 ΙΙ
630 1863 818 1908 profuistis
838 1867 864 1897 Β
883 1865 895 1908 ΙΙ
913 1868 935 1898 4
960 1874 1008 1898 an
1031 1862 1157 1910 (non)
1180 1865 1370 1898 nocentem
1383 1863 1440 1898 Ro
1458 1863 1470 1907 ΙΙ
1489 1867 1508 1898 6

255 1920 342 1954 ergo
367 1913 392 1943 Β
413 1911 423 1954 ΙΙ
444 1914 463 1944 6
490 1911 680 1945 civitatum
704 1914 762 1944 Bc
781 1912 791 1954 ΙΙ
813 1915 831 1945 7
858 1911 924 1944 illa
948 1910 987 1944 in
1011 1911 1095 1944 Ath.
1122 1909 1272 1945 civitate
1295 1912 1322 1943 B
1351 1911 1364 1954 ΙΙ
1394 1920 1509 1954 quan-

256 1967 339 2001 dam
365 1970 417 2001 Aa
435 1969 446 2012 u
466 1972 485 2003 9
512 1968 649 2003 accisas
674 1979 739 2003 om.
754 1971 792 2012 B,
818 1968 977 2003 abscisas
990 1972 1012 2001 c
1030 1969 1042 2012 Η
1063 1971 1105 2002 10
1130 1967 1169 2002 Ρ.
1189 1968 1231 2003 R.
1246 1970 1316 2011 Ac,
1341 1967 1510 2012 publicae

255 2013 310 2048 rei
334 2017 359 2047 B
378 2014 388 2057 ΙΙ
410 2019 452 2049 12
479 2014 730 2050 contentiones
756 2018 807 2048 Ab
826 2016 838 2059 ΙΙ
860 2019 901 2050 16
925 2015 1123 2059 *profuerit
1147 2017 1220 2057 ΔΒ
1246 2013 1405 2049 obfuerit
1417 2012 1511 2058 Aerll

257 2063 299 2093 17
326 2060 459 2106 partis]
486 2062 606 2106 gentis
631 2060 680 2106 (ἓ)
705 2061 761 2096 Ro
786 2062 798 2105 ss
827 2065 867 2096 18
894 2071 1128 2105 suppressum
1154 2064 1175 2093 c
1201 2060 1212 2104 fl
1237 2064 1280 2095 20
1305 2069 1423 2104 poena.
1447 2070 1513 2094 sua.

256 2108 312 2139 Bc
331 2108 342 2149 ΙΙ
367 2107 458 2142 haec
487 2107 583 2142 disse
608 2110 675 2150 Aa,
702 2108 879 2142 occidisse
903 2110 928 2141 Β
948 2109 958 2152 fl
977 2106 1064 2141 satis
1090 2111 1168 2141 erat
1193 2117 1257 2142 om.
1281 2109 1308 2140 B
1326 2107 1339 2149 Η
1356 2109 1399 2140 21
1425 2116 1511 2140 nam

258 2151 288 2186 si
307 2153 415 2187 vitati
435 2157 475 2197 A,
501 2165 596 2188 nunc
616 2153 647 2187 si
667 2153 810 2188 civitati
829 2157 866 2196 B,
892 2165 986 2188 1111110
1013 2153 1064 2187 sic
1089 2154 1156 2187 civ.
1177 2156 1212 2196 P,
1238 2151 1406 2186 relictum
1432 2162 1511 2186 esse

256 2208 342 2233 nam
367 2200 398 2233 si
423 2182 565 2234 cilitati
590 2204 612 2233 c
631 2200 642 2244 ΙΙ
661 2200 720 2234 aff.
746 2200 806 2234 hic
831 2203 870 2242 A,
897 2199 955 2234 aff.
981 2199 1008 2233 ii
1033 2202 1054 2231 c
1073 2200 1084 2242 Ι]
1103 2203 1147 2232 22
1173 2198 1265 2243 erat]
1294 2197 1410 2232 claret
1434 2197 1513 2242 ΒοΙΙ

258 2248 303 2278 24
326 2245 538 2280 iactandum
564 2245 636 2280 mei
660 2249 711 2280 Aa
730 2247 740 2291 Ι]
759 2250 804 2281 27
830 2228 954 2290 aliqua
978 2245 1052 2279 sive
1078 2246 1143 2280 sol.
1169 2246 1283 2289 01128
1311 2256 1393 2279 eum
1418 2246 1510 2277 ABG
