1578 2470
463 136 888 174 DECLAMATIONES.
914 137 1114 175 OCCLVII.
1346 137 1432 181 389

653 281 918 326 GCGLVII.

144 365 281 410 Uxor
314 378 410 411 non
440 366 720 420 relinquens
753 366 813 410 ob
845 365 1143 409 adulterium
1175 365 1433 410 caecatum.

146 461 375 504 ADULTER
412 473 733 505 EXCAECETUR.
795 473 922 504 UXOR
959 473 1107 503 VIRUM
1146 473 1196 503 IN
1235 473 1434 504 CALAMI-

261 533 383 563 ΤΑΤΕ
417 533 480 563 NE
515 533 742 564 DESERAT.
792 521 1011 572 Quaedam
1044 522 1159 576 patri
1193 521 1245 563 de
1277 522 1433 564 marito

262 583 330 623 ter
358 583 513 636 questa
544 584 588 623 et
619 584 763 623 tacere
794 582 912 623 iussa
938 583 1103 636 postea,
1130 581 1184 623 ab
1206 584 1433 624 excaecato
1461 592 1482 624 5

270 641 325 683 ob
353 640 612 683 adulterium
639 641 732 684 viro
760 642 860 696 quia
885 655 972 683 non
998 640 1171 695 recedit,
1198 640 1435 683 abdicatur.

674 761 907 825 SERMo.

236 866 355 909 Haec
393 867 550 908 mulier
594 867 708 908 dicet
746 869 968 921 acceptum
1008 881 1033 908 a
1070 869 1194 921 patre
1227 867 1434 909 maritum

145 942 190 970 se
223 927 278 969 ab
309 926 436 969 initio
470 940 616 968 amare
649 926 857 981 coepisse3
906 925 1224 968 adulescentem
1275 926 1434 968 lenoci-

142 987 228 1029 niis
265 986 487 1028 adulterae
526 985 646 1027 illius
684 1000 820 1040 usque
853 999 903 1027 eo
936 988 1110 1040 captum
1143 999 1254 1039 esse,
1292 988 1342 1027 ut
1372 1000 1434 1027 re·
1462 995 1506 1027 10

143 1045 290 1088 vocari
334 1060 359 1087 a
403 1045 639 1100 cupiditate
683 1059 770 1087 non
807 1047 968 1100 posset.
1032 1047 1080 1086 ut
1117 1059 1291 1086 necesse
1330 1048 1436 1099 erat,

143 1105 327 1148 moleste
373 1119 418 1148 se
461 1104 633 1160 tulisse,
678 1107 722 1146 et
766 1119 816 1147 eo
861 1105 1025 1159 magis,
1071 1104 1185 1159 quod
1229 1105 1435 1147 maritum

147 1165 358 1220 diligeret.
420 1164 609 1206 voluisse
648 1178 751 1220 ergo
792 1164 996 1220 experiri,
1040 1164 1143 1219 quid
1181 1164 1233 1206 de
1272 1165 1434 1207 adulte-

145 1224 283 1279 r<i>is
322 1226 448 1279 pater
486 1224 685 1266 sentiret:
730 1223 940 1265 indicasse
979 1224 1017 1266 ei
1051 1223 1339 1267 adulescentis
1373 1239 1434 1266 er-

143 1298 298 1326 rorem.
342 1283 615 1338 respondisse
634 1283 771 1337 illum,
804 1297 898 1325 esse
930 1283 1143 1338 quaedam
1176 1284 1311 1325 aetati
1340 1283 1436 1326 huic
1465 1292 1507 1324 15

146 1357 363 1401 concessa,
393 1356 472 1385 nec
496 1342 754 1397 reprehendi
785 1342 906 1384 lusus
939 1343 984 1384 in
1017 1343 1228 1384 eiusmodi
1259 1343 1436 1385 iuventa

149 1402 315 1445 debere.
377 1404 471 1444 tum
523 1416 624 1444 vero
676 1402 886 1444 cariorem
937 1402 1021 1444 sibi
1071 1402 1212 1444 virum
1262 1402 1437 1457 factum,

144 1465 431 1517 posteaquam
476 1461 643 1503 lusibus
689 1462 780 1503 eius
819 1462 1085 1516 patrocinari
1129 1461 1262 1503 etiam
1306 1476 1436 1503 senex

146 1521 350 1576 coeperit.
423 1521 498 1563 sed
543 1535 639 1563 cum
684 1521 866 1575 videret,
909 1521 1202 1576 nequissimae
1243 1522 1434 1563 mulieris

147 1581 380 1624 inlecebris
417 1580 626 1622 maritum
657 1581 814 1632 teneri,
854 1583 898 1622 et
929 1581 1015 1622 iam
1048 1581 1283 1622 vindictam
1315 1581 1435 1623 adul·
1462 1591 1507 1623 20

145 1641 245 1683 terii
285 1643 413 1696 atque
456 1641 726 1682 occasionem
758 1643 932 1695 captare
965 1640 1186 1682 adulterae
1219 1641 1436 1695 maritum,

144 1701 306 1742 iterum
338 1699 393 1741 ad
423 1703 594 1755 patrem
627 1700 810 1755 venisse,
841 1702 891 1742 ut
921 1699 1038 1741 illius
1071 1700 1227 1742 saltem
1254 1701 1435 1743 auctori-

144 1762 239 1802 tate
279 1759 502 1801 emendari
541 1759 794 1801 adulescens
832 1762 992 1814 posset.
1061 1760 1107 1801 in
1146 1760 1294 1801 eadem
1332 1775 1436 1802 voce

144 1819 270 1861 illum
316 1833 618 1874 perseverasse
656 1819 814 1861 iterum
853 1833 903 1861 ac
933 1819 1078 1861 tertio.
1141 1820 1436 1862 miserrimum

145 1892 250 1934 ergo
282 1879 482 1921 iuvenem
513 1878 664 1920 fraude
697 1881 740 1921 et
771 1879 941 1920 insidiis
974 1878 1199 1933 deceptum
1227 1894 1322 1921 eam
1347 1879 1435 1922 for·
1462 1889 1506 1921 25

144 1941 298 1980 tunam
337 1938 568 1992 sustinere,
607 1953 737 1992 quam
778 1938 845 1979 illi
884 1952 1052 1992 semper
1088 1953 1198 1980 uxor
1229 1938 1436 1981 timuerit.

146 1997 380 2040 accessisse
402 2011 562 2039 novum
583 1997 721 2039 amori
747 2011 824 2039 suo
852 2000 1182 2052 sacramentum,
1209 2000 1252 2039 et
1277 1998 1434 2040 iudicio

145 2056 283 2112 patris
314 2059 491 2098 auctum
522 2056 690 2098 iuvenis
723 2056 952 2098 adfectum,

244 2201 289 2233 10
312 2197 440 2233 adulte
460 2200 523 2231 AB
542 2198 555 2242 ss
577 2200 619 2232 12
640 2197 808 2233 modeste
834 2198 912 2233 edd.
933 2198 946 2242 ΙΙ
966 2201 1010 2232 13
1024 2197 1243 2234 voluissetB
1263 2199 1275 2243 ΙΙ
1297 2202 1437 2234 13-14

146 2245 328 2281 adulteris
359 2248 406 2290 A,
445 2245 574 2280 alteris
600 2247 647 2289 B,
679 2256 770 2280 corr.
803 2244 862 2280 Ro
893 2247 905 2291 ΙΙ
939 2248 982 2280 15
1008 2245 1197 2280 aetatibus
1223 2248 1304 2290 AB,
1343 2257 1434 2281 corr.

145 2292 206 2376 ἕο
235 2293 324 2377 11628
362 2292 506 2329 factum
544 2295 629 2338 AB,
668 2304 760 2329 corr.
799 2292 885 2336 θοῆς
924 2293 1065 2328 factum
1103 2292 1248 2329 iuvenis
1284 2304 1435 2329 excusa-

190 2351 228 2375 m
293 2352 314 2376 r
