1604 2488
188 754 231 785 10

185 1044 227 1076 15

181 1334 225 1366 20

179 1623 223 1655 25

178 1914 222 1946 30

264 114 348 156 268
744 117 1040 162 QUINTILIANI

261 222 423 264 feceris.
457 226 553 265 ante
581 224 722 266 omnia
748 226 910 280 gratias
936 226 1256 281 magistratibus
1283 242 1377 284 ago,
1408 231 1520 284 quod

259 294 345 321 non
377 281 702 335 deprehendisse
735 284 925 325 contenti
951 298 1011 337 ea,
1043 299 1148 338 quae
1175 287 1517 339 ostendebantur,

261 339 420 392 aliquid
452 342 494 380 et
531 340 615 394 ipsi
645 341 849 383 viderunt.
910 342 1069 396 gratias
1108 357 1189 399 ago
1221 345 1350 387 etiam
1379 348 1518 400 provi-

261 396 431 438 dentiae
479 398 652 440 deorum
701 399 1021 455 immortalium,
1071 401 1143 455 qui
1184 416 1413 457 numquam
1454 405 1518 446 ita

262 454 446 508 opprimi
487 456 712 498 veritatem
750 458 994 512 voluerunt,
1036 461 1084 500 ut
1114 473 1200 501 non
1229 461 1397 516 magnis
1430 462 1516 504 suis

259 513 454 567 vestigiis
493 514 706 557 emineret.
767 516 996 557 recitentur
1031 516 1112 558 hae
1142 518 1331 560 tabulae:
1373 520 1518 561 »abdi-

260 571 365 612 cabo
396 574 478 614 te«.
533 587 618 614 non
649 573 746 628 lego
779 574 1009 628 sequentia.
1070 588 1180 630 nego
1210 575 1319 618 hanc
1349 591 1441 619 esse
1471 578 1518 619 fi-

260 628 428 671 duciam
462 630 564 684 eius,
596 632 669 685 qui
700 631 750 673 de
776 632 1026 674 adfectanda
1051 633 1276 687 tyrannide
1302 635 1517 691 cogitavit.

260 700 313 727 an
350 687 423 728 ille
460 688 506 729 in
535 688 738 731 iudicium
769 704 920 732 vocare
953 705 1080 732 ausus
1123 691 1276 734 fuisset
1318 695 1362 734 et
1396 694 1516 748 igno-

257 745 390 786 minia
421 746 599 788 adficere
631 747 943 790 adulescentem
974 749 1119 790 omnia
1150 750 1382 792 scientem?
1429 766 1517 793 non

258 804 371 843 enim
402 805 596 858 tyrannis
628 806 913 848 convincenda
943 807 1138 862 vestigiis
1170 810 1262 850 erat
1290 822 1425 864 neque
1453 824 1517 851 ar-

256 862 469 915 gumentis
502 863 699 905 eruenda:
733 864 847 905 domi
879 879 1008 918 arma,
1039 865 1154 906 domi
1185 869 1428 921 apparatus.
1475 871 1518 908 et

257 919 293 959 si
342 919 451 961 hanc
495 935 665 962 causam
710 922 931 964 abdicandi
973 926 1015 964 te
1057 938 1142 965 non
1183 923 1350 979 habuit,
1399 925 1514 967 dicas

255 981 441 1031 oportet,
486 992 613 1032 quam
656 979 783 1020 aliam
821 979 1031 1022 habuerit.
1095 995 1180 1023 non
1219 982 1514 1024 consentiebas

254 1035 444 1076 consiliis
488 1036 607 1078 eius?
663 1037 743 1079 hoc
791 1039 930 1079 minus
972 1041 1016 1079 te
1053 1039 1240 1080 debebat
1283 1040 1512 1082 offendere:

252 1091 337 1146 ille,
376 1094 411 1134 si
442 1096 485 1135 te
515 1097 731 1149 tamquam
765 1096 945 1137 indicem
975 1097 1208 1151 timuisset,
1238 1098 1378 1152 potuit
1409 1099 1512 1140 occi-

253 1149 362 1191 dere.
411 1152 516 1193 satis
549 1166 649 1207 ergo
681 1154 853 1206 plenum
884 1155 950 1195 vel
980 1154 1061 1195 hoc
1092 1157 1184 1196 erat
1215 1158 1514 1209 argumentum

251 1207 537 1264 innocentiae,
575 1211 779 1252 severitas
811 1214 853 1252 et
878 1212 1077 1253 vindicta.
1138 1212 1238 1267 quid
1268 1216 1413 1254 tamen
1443 1213 1513 1255 ad-

252 1266 409 1308 iectum
431 1267 524 1309 est?
550 1269 616 1310 »si
641 1269 922 1323 responderis,
948 1283 1096 1311 causas
1121 1270 1358 1312 indicabo«.
1390 1285 1514 1325 quae·

250 1324 333 1366 rite
363 1339 486 1379 nunc,
517 1329 611 1367 uter
637 1327 774 1369 malae
801 1327 859 1368 sit
884 1328 1177 1370 conscientiae.
1215 1329 1289 1370 ille
1313 1329 1512 1372 minatur.

252 1395 326 1423 cur
363 1384 493 1425 taceri
531 1384 695 1426 voluit?
752 1386 955 1440 quoniam
992 1388 1115 1439 pater
1157 1389 1266 1440 erat,
1311 1387 1511 1441 quoniam

250 1454 482 1495 numquam
513 1442 559 1483 hi
591 1442 780 1484 adfectus
810 1443 856 1484 in
880 1446 1048 1485 tantum
1073 1444 1297 1486 vincuntur
1323 1445 1432 1499 odio,
1462 1448 1511 1487 ut

249 1512 334 1540 non
373 1500 426 1540 ad
462 1503 659 1542 naturam
698 1515 818 1542 suam
848 1504 992 1543 tamen
1022 1504 1301 1544 revertantur.
1350 1517 1512 1554 caunas,

250 1570 355 1610 quas
398 1558 471 1598 ille
509 1573 555 1600 se
592 1559 802 1600 dicturum
839 1560 1023 1601 minatus
1063 1562 1145 1613 est,
1186 1563 1232 1602 tu
1273 1560 1510 1602 ostendisti.

249 1613 353 1656 haec
385 1629 504 1656 arma
535 1616 776 1658 detecturus
803 1620 906 1671 erat,
938 1617 973 1658 si
997 1618 1304 1673 respondisses3
1333 1618 1413 1660 hos
1439 1633 1510 1674 ap-

249 1675 423 1725 paratus
454 1675 750 1727 protracturus
780 1674 825 1715 in
855 1675 1054 1716 medium.

338 1728 451 1772 Satis
484 1745 688 1785 apparere
724 1732 921 1774 omnibus
947 1733 1142 1786 arbitror,
1174 1733 1429 1775 adfectatam
1455 1734 1508 1775 ab

248 1787 329 1829 hoc
360 1802 450 1830 esse
481 1789 760 1844 tyrannidem.
811 1804 865 1832 ne
897 1805 1021 1844 quem
1053 1793 1195 1832 autem
1227 1794 1414 1833 vestrum
1445 1805 1508 1833 se-

249 1860 394 1887 curum
425 1847 556 1889 faciat
587 1847 679 1902 hoc,
711 1847 822 1902 quod
854 1862 1075 1903 oppressa,
1107 1848 1217 1903 quod
1247 1849 1510 1903 deprehensa

249 1907 314 1946 est
355 1906 566 1959 tyrannis:
611 1908 842 1960 apparatus
886 1907 998 1948 enim
1034 1907 1115 1949 iste
1154 1909 1338 1949 testatur
1369 1907 1508 1949 adule-

248 1964 402 2003 scentis
434 1966 631 2005 mentem.
679 1978 780 2005 num
811 1964 922 2006 latro
954 1965 1242 2007 innocentiam
1273 1965 1439 2020 accipit,
1471 1965 1507 2006 si

247 2020 340 2074 quis
372 2020 436 2062 illi
468 2021 654 2076 gladium
687 2022 965 2077 extorqueat?
1002 2023 1190 2065 minatur
1214 2023 1371 2078 aliquis
1395 2037 1507 2064 moe·

339 2126 360 2157 3
387 2124 424 2158 et
448 2133 514 2158 om.
539 2126 566 2157 Β
585 2125 598 2167 ΙΙ
617 2127 637 2159 5
662 2123 892 2159 voluntatem
918 2127 944 2158 B
964 2126 975 2170 Η
999 2125 1116 2170 magis
1141 2125 1224 2171 Gru
1245 2130 1285 2161 11
1311 2125 1505 2160 tirannis

245 2171 275 2201 A
299 2170 311 2212 ΙΙ
338 2172 380 2203 12
408 2172 559 2204 cruenta
582 2173 608 2204 B
634 2171 645 2216 ΙΙ
673 2174 714 2205 13
741 2172 778 2205 te
803 2182 868 2206 om.
893 2173 920 2204 Β
945 2172 957 2216 ΙΙ
981 2175 1025 2206 20
1051 2173 1135 2206 sunt
1157 2174 1184 2205 B
1203 2173 1215 2217 ΙΙ
1233 2176 1276 2207 21
1301 2173 1422 2207 tacere
1446 2174 1472 2205 Β
1490 2172 1521 2219 ΙΙ-

245 2219 289 2250 23
313 2215 463 2250 tandem
489 2220 515 2250 Ρ
533 2218 545 2261 ΙΙ
571 2220 614 2251 25
640 2217 710 2252 hoc
735 2219 761 2250 Β
787 2219 798 2263 ΙΙ
823 2221 865 2252 27
893 2218 1061 2252 omnibus
1086 2229 1150 2253 om.
1176 2221 1228 2252 Aa
1246 2219 1258 2263 ΙΙ
1276 2221 1414 2254 27-28
1439 2217 1503 2253 ad·

244 2261 315 2296 huc
340 2263 366 2295 Β
386 2263 397 2307 ΙΙ
416 2266 459 2296 32
486 2263 690 2298 minaturus
715 2266 767 2297 Aa
793 2265 844 2308 (et
867 2263 949 2308 ΒΡ),
975 2264 1133 2299 minatus
1158 2267 1221 2309 Ab,
1248 2275 1337 2301 corr.
1362 2264 1420 2301 Ro
