1604 2488
175 883 218 914 10

175 1171 217 1203 15

172 1462 216 1493 20

247 106 330 148 102
724 106 836 149 QUIN
843 106 1024 142 TILIANI

361 215 624 267 compertum
643 215 720 267 est,
740 213 841 267 quid
861 213 1094 256 accidisset.
1126 215 1346 256 accusatur
1364 217 1497 270 pater,

361 271 471 325 quod
503 285 628 313 causa
659 271 810 313 mortis
843 271 983 313 fuerit.

755 431 980 476 SERMO.

331 525 485 567 Facilis
523 528 565 567 et
594 526 640 566 in
671 528 872 580 promptu
902 526 1013 568 ratio
1041 529 1106 568 est
1130 526 1227 569 huic
1251 527 1354 580 seni,
1387 529 1497 582 quod

245 583 427 636 pertinet
459 584 512 625 ad
543 584 755 625 adfectum
792 584 1131 638 [paenitentiae],
1175 585 1285 639 quod
1314 585 1499 640 pertinet

244 642 296 683 ad
332 641 602 696 aequitatem.
658 642 741 683 nisi
777 644 921 683 tamen
957 642 1087 683 etiam
1123 642 1214 683 iure
1250 643 1497 697 defenditur,

242 700 467 741 verendum
504 700 603 753 erit,
645 714 697 741 ne
735 699 855 741 illum
891 700 1062 741 flentem
1098 700 1256 742 iudices
1288 700 1499 743 damnent.

243 757 467 812 diligenter
498 771 599 812 ergo
631 770 818 812 pugnare
850 758 961 799 circa
985 759 1123 813 legem
1148 758 1404 800 debebimus.
1457 762 1500 800 et

244 830 344 857 sane
377 816 612 869 asperiores
644 816 688 856 in
714 816 1002 857 controversia
1027 819 1169 870 partes
1194 816 1376 858 fortasse
1394 817 1500 858 recti

244 873 540 916 declamatoris
564 873 822 928 relinquant.
857 873 1007 915 divisio
1033 888 1166 928 paene
1185 874 1266 916 hoc
1282 875 1500 928 proprium

241 931 389 985 habet,
427 931 649 973 ostendere
681 946 778 972 ossa
810 934 852 973 et
882 946 1032 973 nervos
1065 931 1399 974 controversiae:
1444 935 1498 986 et,

241 990 471 1031 secundum
508 1003 648 1030 meum
688 989 855 1043 quidem
887 989 1104 1043 iudicium,
1142 990 1253 1031 idem
1283 992 1499 1043 praestare

241 1047 493 1089 declamatio
526 1047 662 1089 debet.
722 1061 821 1088 nam
851 1047 942 1088 sine
966 1047 1045 1099 his,
1076 1047 1125 1088 de
1152 1047 1304 1101 quibus
1329 1047 1497 1089 locutus

243 1120 349 1159 sum,
380 1120 479 1147 caro
510 1105 603 1159 ipsa
633 1119 709 1159 per
742 1119 786 1146 se
818 1105 918 1159 quid
950 1105 1007 1146 sit
1036 1105 1301 1160 intellegitis.
1350 1105 1424 1147 sed
1453 1106 1500 1146 in

244 1163 551 1205 declamatione
582 1162 801 1204 vestienda
830 1165 928 1204 sunt
950 1162 1066 1215 haec,
1097 1165 1145 1204 ut
1171 1177 1220 1204 ex
1245 1163 1366 1218 †illis
1392 1163 1500 1204 inte-

242 1222 417 1272 riores†
456 1221 567 1262 vires
607 1221 803 1262 habeant.
861 1220 1059 1262 finiamus
1091 1234 1192 1275 ergo
1223 1235 1394 1263 necesse
1425 1223 1501 1275 est,

241 1279 341 1334 quid
374 1280 431 1320 sit
462 1293 590 1320 causa
620 1278 782 1320 mortis.
836 1280 929 1320 tota
960 1278 1072 1320 enim
1103 1279 1156 1320 lis
1188 1281 1231 1320 et
1263 1292 1384 1320 omne
1416 1278 1501 1320 dis-

240 1338 400 1379 crimen
438 1337 749 1379 controversiae
786 1336 831 1377 in
866 1336 947 1378 hoc
977 1337 1166 1391 positum
1198 1339 1273 1379 est.
1334 1351 1433 1378 nam
1464 1337 1501 1378 si

243 1395 296 1437 ad
332 1395 570 1437 finitionem
605 1395 740 1450 partis
773 1394 972 1436 adversae
1005 1394 1259 1445 accedimus,
1297 1397 1344 1436 ut
1375 1409 1501 1436 causa

242 1453 392 1495 mortis
421 1453 504 1507 sit,
548 1453 619 1507 qui
662 1453 854 1494 attulerit
897 1467 1068 1494 causam
1116 1453 1240 1494 alicui
1277 1452 1500 1507 moriendi,

239 1526 316 1565 per
355 1526 479 1565 quem
516 1511 675 1552 factum
717 1510 791 1564 sit,
830 1513 879 1551 ut
910 1510 1062 1564 aliquis
1094 1513 1345 1552 moreretur:
1382 1511 1499 1552 nullo

241 1568 366 1610 modo
399 1568 620 1610 defendere
650 1583 728 1610 nos
754 1583 992 1622 possumus.
1037 1583 1172 1622 neque
1199 1568 1310 1610 enim
1336 1568 1501 1610 dubita-

241 1626 370 1680 bitur,
400 1626 501 1681 quin
531 1641 607 1680 per
637 1626 750 1668 hunc
781 1626 942 1667 factum
973 1626 1040 1677 sit,
1072 1629 1120 1667 ut
1150 1627 1223 1667 ille
1254 1627 1500 1680 moreretur,

335 1790 353 1821 1
377 1787 476 1830 quod
489 1789 592 1831 Ano,
613 1796 702 1821 corr.
716 1786 773 1820 Ro
792 1787 803 1830 ΙΙ
823 1785 1018 1821 occidisset
1036 1789 1073 1829 B,
1093 1785 1307 1820 accessisset
1320 1789 1342 1819 c
1361 1787 1372 1830 ΙΙ
1392 1795 1497 1820 accu—

242 1834 342 1869 sator
354 1837 376 1867 0
395 1835 406 1878 ΙΙ
426 1837 445 1868 5
461 1833 631 1868 effectum
644 1836 701 1866 Bc
720 1834 731 1877 ΙΙ
751 1832 770 1853 *
781 1832 1060 1877 [paenitentiae]
1075 1830 1500 1878 affectum3<im>paeni-

242 1880 379 1915 tentiae
400 1879 470 1922 Ro,
489 1880 654 1923 adferens
667 1881 915 1924 p.108,103q.
935 1881 946 1923 ΙΙ
967 1883 985 1913 7
1007 1877 1078 1913 erit
1096 1889 1161 1913 om.
1174 1881 1231 1912 Bc
1249 1879 1261 1923 ΙΙ
1281 1883 1300 1913 9
1316 1878 1501 1922 asperiore

242 1927 298 1961 usi
324 1926 437 1962 contr.
463 1929 488 1959 B
509 1926 520 1970 ΙΙ
539 1926 636 1961 recte
664 1925 929 1960 declamatores
954 1928 1010 1958 Bc
1029 1926 1041 1969 ΙΙ
1062 1929 1104 1960 10
1129 1935 1268 1970 poenae
1287 1927 1380 1958 Aac
1399 1925 1410 1969 ΙΙ
1428 1923 1500 1968 pri-

242 1984 343 2007 mum
368 1977 414 2006 ca.
432 1974 443 2018 ΙΙ
464 1977 506 2007 12
533 1971 732 2008 secundum
757 1972 794 2006 et
818 1983 864 2007 m.
890 1974 983 2005 Ano
1002 1972 1013 2015 ΙΙ
1035 1976 1076 2006 15
1094 1972 1266 2015 fortasse:
1290 1970 1352 2006 *ut
1370 1970 1500 2006 exinde

243 2018 462 2064 integriores
493 2031 525 2054 v.
554 2020 588 2054 h.
619 2019 672 2053 vel
702 2020 743 2052 ut
774 2030 817 2053 ex
842 2017 916 2053 illis
940 2018 1098 2053 inductis
1129 2017 1304 2052 interiora.
1328 2029 1360 2052 v.
1387 2016 1421 2051 h.
1448 2017 1502 2051 vel

241 2066 348 2101 etiam
373 2066 414 2099 ut
439 2077 483 2100 ex
507 2065 666 2100 inductis
692 2064 861 2099 decorem
888 2066 925 2099 et
949 2076 981 2099 v.
1007 2063 1042 2099 h.
1078 2065 1122 2107 cf.
1151 2064 1302 2109 Quintil.
1329 2063 1422 2098 Inst.
1448 2072 1498 2097 or.

242 2123 322 2148 cum
347 2113 437 2147 alios
461 2113 553 2147 locos
584 2115 658 2146 tum
691 2111 732 2153 V,
750 2113 793 2154 8,
812 2113 838 2146 2
870 2110 973 2155 atqui
999 2109 1300 2146 cetera..nervis
1323 2108 1396 2143 illis
1421 2109 1501 2152 qui-

241 2158 309 2194 bus
342 2169 451 2192 cansa
482 2157 688 2193 continetur
719 2158 808 2202 (seiz.
841 2155 1131 2202 probationibus)
1167 2155 1331 2191 adiciunt
1360 2154 1502 2190 inducti

244 2215 354 2249 super
379 2204 540 2249 corporis
567 2203 724 2249 speciem
743 2204 754 2247 ΙΙ
774 2207 818 2238 20
843 2203 930 2247 quid
954 2206 992 2247 B,
1018 2202 1227 2247 quicquidc
1246 2203 1258 2247 ΙΙ
1277 2212 1388 2238 causa.
1411 2200 1502 2236 mali

244 2252 302 2286 cui
326 2254 352 2284 B
372 2251 382 2295 ΙΙ
402 2255 445 2285 22
472 2251 662 2286 dubitatur
686 2253 712 2284 B
