1604 2488
444 88 870 126 DECLAMATIONES.
898 88 1086 125 CCCXIII.
1322 88 1408 132 231

118 201 212 242 tate
242 198 380 254 ipsius
413 198 696 254 accusatoris3
728 198 994 255 argumentis
1021 198 1130 242 moti
1157 201 1276 253 sunt3
1309 198 1412 254 illis,

120 257 351 314 credimus,
406 258 591 302 testibus
646 259 756 301 moti
805 260 925 314 sunt,
979 272 1084 313 quos
1128 258 1411 301 habebamus.

120 320 166 362 et
197 317 307 361 mihi
338 318 508 361 videtur
527 318 623 361 ideo
644 318 885 362 constituta
917 332 1009 360 esse
1042 319 1123 374 lex,
1156 332 1264 374 quae
1291 318 1412 361 dam-

118 379 273 421 natum
309 380 412 434 post
448 378 717 421 tricesimum
759 377 874 421 diem
916 378 1065 433 puniri
1105 378 1265 433 voluit,
1307 393 1412 434 quo-

119 437 240 480 niam
265 437 443 481 videbat
468 438 616 494 legum
641 437 757 481 lator
781 452 910 493 posse
934 438 1043 493 fieri,
1070 440 1120 480 ut
1139 437 1411 493 deciperetur

119 500 358 542 accusator.
420 498 568 554 itaque
607 498 716 552 eius,
754 498 828 553 qui
862 511 951 540 non
982 497 1252 553 damnasset,
1289 512 1411 554 prae-

121 559 287 600 sentem
330 571 517 614 poenam
562 571 656 600 esse
694 557 912 606 voluerat:
972 557 1095 600 nulla
1133 557 1287 600 dilatio
1333 560 1412 600 est.

118 616 223 671 quid
246 619 290 659 te
316 617 483 660 movit?
518 616 622 672 quid
648 617 840 660 attulisti
867 616 920 659 ad
946 617 1160 660 iudicem?
1187 617 1269 660 hoc
1296 618 1412 660 enim

119 676 215 719 vult
239 677 308 719 lex
334 677 456 731 prius
483 677 616 719 etiam
643 676 880 733 approbari
905 677 992 732 ipsi
1018 677 1274 720 accusatori.
1307 690 1411 732 ergo

117 736 254 779 etiam
284 736 489 779 voluntas
519 736 630 792 legis
662 751 743 791 pro
774 736 901 779 nobis
934 738 1012 791 est,
1043 739 1087 778 et
1118 751 1206 779 non
1237 739 1413 780 tantum

119 796 358 851 scriptumf
396 795 512 852 quod
550 796 656 838 satis
697 799 810 851 erat3
857 795 994 851 <nec>
1025 796 1111 838 nisi
1148 796 1211 838 ita
1241 796 1412 839 receda-

117 869 215 898 mus
240 855 294 898 ab
321 869 371 898 eo
399 855 515 911 quod
539 856 715 911 proprie
741 857 941 898 nostrum
969 857 1046 909 est,
1071 858 1121 898 ut
1146 856 1412 899 concessisse

117 914 353 957 videamur.
415 914 492 957 sed
528 916 577 957 ut
607 915 921 971 †transissetis
935 915 980 970 †‚
1018 930 1185 970 rursus,
1222 915 1267 958 id
1298 915 1411 972 quod

116 973 330 1016 dicebam:
365 987 462 1016 cum
496 977 723 1029 suspectus
757 976 872 1017 esset
901 989 1014 1030 reus,
1045 975 1149 1017 bom'
1182 978 1274 1018 erat
1305 975 1412 1018 civis

118 1047 341 1088 accusare3
377 1047 517 1089 neque
557 1033 683 1075 aliter
722 1036 838 1076 stare
873 1034 994 1090 leges
1025 1037 1228 1090 possunt,
1271 1049 1411 1091 neque

115 1092 242 1135 aliter
286 1093 453 1136 civitas.
516 1093 736 1136 accusavit
771 1118 820 1124 —
857 1094 959 1150 quid
998 1093 1184 1151 postea?
1220 1119 1271 1125 —
1308 1109 1411 1150 quo-

115 1152 234 1195 niam
264 1152 396 1195 homo
430 1153 596 1195 occisus
628 1152 871 1196 videbatur.

206 1210 318 1267 „Hic
337 1213 484 1254 tamen
503 1212 646 1268 perire
670 1213 817 1267 potuit
842 1215 885 1255 et
912 1213 1051 1256 occidi
1075 1213 1232 1268 potuit,
1265 1215 1309 1256 et
1330 1214 1413 1256 hoc

117 1270 345 1327 indignum
377 1270 481 1313 est.“
536 1272 725 1327 primum
758 1273 952 1314 omnium
984 1272 1138 1315 durum
1170 1275 1249 1328 est,
1280 1288 1412 1315 unam

116 1330 250 1373 indici
286 1330 459 1386 utrique
502 1330 723 1374 fortunam
761 1334 805 1374 et
847 1331 982 1374 occidi
1025 1332 1266 1387 hominem,
1312 1333 1413 1388 quia

116 1389 276 1445 aliquis
309 1390 447 1433 occidi
476 1390 670 1446 potuerit
699 1391 830 1434 huius
862 1391 1064 1446 culpa[e].
1127 1395 1213 1434 tam
1251 1405 1412 1449 magna

116 1463 260 1504 poena
304 1451 370 1492 est
413 1463 591 1492 oausam
634 1449 910 1503 [e]dieentis?
988 1449 1154 1493 Deinde
1197 1451 1281 1494 hoc
1324 1466 1413 1495 non

115 1511 288 1551 tantum
325 1509 592 1552 accusatoris
629 1510 759 1565 culpa
795 1510 959 1553 factum
991 1513 1069 1553 est.
1130 1510 1318 1554 fortasse
1349 1511 1412 1554 ita

116 1567 306 1611 vixeras:
338 1568 478 1611 multa
502 1569 761 1625 petulanter,
793 1570 933 1612 multa
957 1573 1130 1626 temere,
1157 1571 1294 1613 multa
1320 1586 1412 1613 cru-

117 1630 216 1670 ente
248 1628 540 1671 commiseras.
601 1629 846 1685 turpissimi
877 1629 1070 1673 hominis
1103 1633 1412 1687 argumentum

212 1795 233 1827 2
259 1791 328 1827 hos
354 1794 430 1837 AB,
455 1793 498 1828 in
523 1793 643 1829 codice
668 1796 698 1827 A
723 1794 889 1838 primum
921 1805 1036 1830 novae
1062 1795 1228 1841 payinae
1258 1796 1411 1832 voeabu-

115 1839 212 1884 lum,
239 1849 332 1875 corr.
358 1839 435 1876 Aer
464 1841 477 1886 11
509 1844 602 1876 4-5
629 1841 817 1886 quomodo
843 1844 870 1875 Β
895 1843 908 1887 11
935 1845 954 1877 7
980 1842 1182 1878 voluerunt
1206 1846 1292 1887 ΔΒ,
1318 1854 1411 1880 corr.

119 1885 225 1931 Obrn
249 1886 390 1923 delatio
415 1890 502 1922 Aan
529 1889 541 1933 ΙΙ
568 1891 612 1924 10
639 1887 771 1934 etiam]
801 1890 839 1924 et
863 1892 890 1923 Β
916 1890 929 1934 ΙΙ
964 1893 1006 1924 11
1033 1889 1158 1938 (nec)
1177 1890 1251 1926 nisi
1275 1891 1332 1926 ita
1356 1902 1412 1927 re-

115 1933 294 1970 cedamus
319 1934 391 1978 Ro,
417 1946 515 1970 nunc
540 1936 583 1970 ut
607 1935 750 1971 rec.Gr
767 1937 780 1980 ΙΙ
801 1940 844 1971 12
871 1936 991 1972 habeo
1018 1940 1044 1971 Β
1064 1938 1075 1982 ss
1095 1939 1252 1983 propter
1275 1940 1314 1974 te
1335 1941 1410 1983 ΔΒ,

116 1991 208 2018 corr.
236 1981 322 2026 Gru
343 1985 385 2017 13
411 1981 606 2018 videamus
632 1985 658 2016 B
685 1984 696 2027 ΙΙ
721 1983 951 2019 transissetis
985 1987 1031 2028 Δ,
1075 1985 1275 2022 transisset
1302 1986 1334 2022 is
1372 1989 1411 2031 B,

115 2028 315 2065 transisset
338 2029 386 2065 lis
412 2033 454 2073 1’,
480 2030 743 2066 transissemus
770 2030 840 2066 Sch
871 2033 883 2076 [Ι
916 2035 961 2066 14
1005 2032 1156 2069 dicebat
1192 2036 1273 2078 ΔΒ,
1318 2044 1411 2070 corr.

115 2075 175 2113 Ro
205 2077 216 2122 ΙΙ
249 2075 355 2112 ouius
381 2079 474 2111 AaB
506 2078 518 2123 [1
552 2080 594 2113 15
620 2077 723 2124 leges
749 2079 846 2114 stare
872 2081 899 2113 B
930 2080 943 2125 ss
976 2083 1020 2115 16
1046 2081 1222 2117 accusavi
1247 2083 1413 2127 AB—Pf}

112 2149 249 2202 postea
273 2132 300 2198 ἒ
324 2148 436 2184 homo
463 2151 489 2183 Β
509 2150 521 2194 ΙΙ
543 2152 586 2184 19
613 2147 746 2184 duram
770 2152 798 2184 Β
816 2151 829 2195 ΙΙ
847 2151 979 2186 utnam
1005 2154 1060 2186 Aa
1083 2152 1159 2197 [121
1187 2152 1384 2200 *culpam
1401 2154 1412 2197 ,ιξ

116 2196 174 2231 ita
195 2207 337 2242 magna
362 2199 447 2241 ΔΒ,
473 2207 565 2232 corr.
595 2195 670 2232 Obr
689 2198 700 2242 ΙΙ
720 2200 764 2231 22
791 2208 940 2234 causam
967 2199 1115 2235 edicitis
1140 2202 1186 2244 A,
1214 2211 1327 2237 causa
1351 2211 1411 2236 me

116 2241 243 2279 dicitis
272 2247 318 2288 Β,
363 2254 447 2279 cum
479 2254 539 2280 me
572 2243 607 2280 d.
640 2247 682 2287 P;
728 2254 820 2281 corr.
846 2245 926 2289 Ro,·
970 2258 1084 2292 quam
1115 2247 1154 2284 in
1186 2259 1246 2284 me
1285 2247 1411 2284 dicitis

116 2288 193 2326 Aer
210 2291 223 2336 u
242 2295 287 2327 23
312 2290 415 2327 facta
440 2292 590 2337 Anna-12
617 2294 658 2323 Ν
688 2294 718 2326 Δ

1440 747 1484 781 10

1440 1046 1483 1078 15

1439 1344 1484 1376 20

1437 1641 1482 1674 25
