1604 2488
471 98 898 136 DECLAMATIONES.
926 98 1058 135 COXC.
1325 98 1411 141 159

123 223 228 266 gens
250 208 359 251 mihi
380 209 434 251 ab
456 210 599 251 aetate
618 209 759 264 prima
777 207 910 250 fuerit
926 204 1066 264 pater,
1092 207 1205 263 quod
1224 207 1411 250 fortasse

124 269 254 312 etiam
287 268 530 324 corruperit
554 282 697 310 mores
723 281 862 323 meos,
891 281 971 310 nec
1002 267 1130 309 illud:
1164 281 1283 310 error
1309 266 1410 309 adu-

121 327 366 384 lescentiae,
390 327 495 370 haec
521 327 678 370 aetatis
704 329 873 369 natura.
911 326 1181 368 luxuriosum
1205 326 1410 381 putat<e>

122 387 276 430 fuisse:
297 400 377 443 ego
391 389 541 429 tamen
560 386 736 428 insanus
748 385 892 441 <non>
906 400 1037 441 eram,
1058 387 1102 428 et
1116 385 1410 428 defendendus

123 446 307 503 quidem,
340 446 377 488 si
409 445 777 488 contradixissem.
829 445 904 487 sed
935 447 1311 500 perseveraturum
1338 459 1409 500 pa-

121 509 232 549 trem
256 505 479 562 negabant
501 504 753 562 propinqui:
781 505 842 546 sic
861 504 1024 547 factum
1046 507 1124 559 est,
1149 507 1198 547 ut
1217 504 1410 547 dolorem

125 565 297 608 silentio
335 579 593 620 premerem,
632 564 704 620 qui
742 563 886 606 clusus
926 566 1055 620 atque
1093 564 1209 606 intra
1247 564 1410 619 cogita-

121 624 265 668 tiones
313 626 512 679 receptus
551 623 735 666 abstulit
770 626 972 666 mentem.
1035 626 1224 666 ceterum
1263 626 1411 665 tamen

124 683 181 739 (si
211 698 364 726 verum
395 684 578 726 velimus
609 682 748 740 loqui)
780 683 808 735 †
827 685 973 725 mutus
993 683 1021 736 †
1052 682 1150 725 fuit.
1201 697 1308 738 quas
1339 682 1410 724 hie

123 757 204 800 ego
242 743 358 798 patri
400 743 565 798 gratias
598 741 756 798 agam?
799 741 972 784 reduxit
1003 756 1070 783 me
1102 756 1188 784 non
1223 741 1409 784 sentien-

121 804 229 859 tem3
261 801 459 844 adhibuit
491 815 649 856 curam,
680 801 896 843 laborem:
928 801 1132 843 miserum
1165 802 1250 844 me!
1287 815 1408 843 sana-

121 864 194 904 tus
219 876 327 904 sum.
371 875 494 904 saera
519 860 754 916 maiorum,
780 860 882 903 deos
912 862 1090 916 penates
1110 874 1198 902 11011
1219 860 1409 902 sentiens

120 920 259 963 tenui:
277 935 404 963 nemo
419 920 562 975 <11011>
577 919 822 975 gratulatus
843 921 908 961 est
928 919 1182 962 amicorum:
1206 934 1319 962 nunc
1341 934 1410 961 ex-

120 979 261 1036 pellor
285 979 555 1035 resipiscens.
596 979 757 1033 felices,
783 979 857 1034 qui
877 981 1062 1033 possunt
1082 979 1200 1021 omni
1220 979 1312 1021 vita
1332 994 1411 1021 sua

120 1038 373 1094 parentibus
405 1038 567 1080 dicere:
600 1037 732 1093 »quid
763 1037 904 1080 feci‘P«
937 1037 1076 1080 dicam
1109 1040 1275 1080 tamen:
1308 1038 1410 1092 quid

119 1100 275 1154 postea
299 1097 410 1141 feci?
444 1098 480 1139 si
500 1097 670 1140 luxuria
689 1097 964 1139 intolerabile
986 1098 1162 1153 malum,
1188 1097 1408 1154 ignovisti.

210 1157 345 1214 „Ego‚
376 1156 531 1212 inquit,
562 1159 617 1212 te,
650 1156 857 1212 quoniam
885 1156 1058 1199 demens
1086 1171 1195 1212 eras,
1222 1156 1410 1199 reduxi.“

121 1216 196 1259 ubi
235 1217 358 1271 estis,
403 1216 477 1271 qui
514 1230 582 1258 me
619 1215 843 1271 putabatis
891 1215 1138 1258 infelicem?
1191 1229 1270 1271 ego
1308 1229 1409 1258 vero

123 1275 365 1318 dementiae
404 1274 570 1330 gratias
609 1288 712 1330 ago:
749 1289 838 1317 non
870 1275 1040 1331 quidem
1074 1274 1407 1317 sollicitudinem

119 1334 259 1390 patris
292 1334 420 1389 sensi,
452 1333 527 1376 sed
555 1348 635 1377 nec
668 1333 997 1376 abdicationem.
1049 1334 1151 1389 quid
1178 1333 1285 1375 mihi
1312 1348 1408 1376 cum

122 1397 212 1437 tam
243 1393 382 1436 veloci
407 1392 630 1435 remedio?
663 1396 787 1448 pater
813 1393 986 1447 optime,
1018 1393 1151 1435 fallax
1171 1393 1257 1435 ista
1283 1393 1409 1435 velox

123 1452 348 1496 medicina.
393 1465 474 1507 ego
507 1453 607 1507 seio,
639 1466 746 1508 quos
780 1452 913 1494 animi
946 1454 1090 1494 aestus
1116 1452 1232 1494 intus
1259 1451 1409 1495 feram.

123 1512 258 1568 erede,
269 1514 404 1568 pater,
423 1511 512 1553 iam
533 1511 703 1566 aliquas
717 1510 1010 1565 <dis>similes
1030 1526 1173 1553 rerum
1194 1511 1408 1567 imagines

121 1571 258 1614 video.
330 1570 442 1612 redit
485 1570 620 1626 igitur
664 1570 903 1612 dementiae
941 1571 1060 1625 prior
1092 1584 1232 1613 causa.
1277 1585 1409 1626 quare

122 1630 243 1686 mihi,
268 1630 305 1672 si
330 1643 418 1671 non
444 1629 497 1671 ad
522 1643 726 1684 praesens
752 1631 939 1685 tempus,
966 1629 1019 1672 ad
1045 1629 1237 1672 futurum
1260 1632 1407 1673 tamen

122 1689 340 1745 rogandus
373 1703 429 1731 es.
479 1703 690 1742 succurre,
723 1689 796 1744 qui
828 1689 953 1731 soles

215 1821 235 1854 2
262 1817 458 1863 corriperit
476 1819 528 1851 Ab
560 1818 571 1862 Η
603 1820 623 1852 3
643 1828 713 1852 1100
732 1820 810 1861 AB,
837 1828 928 1853 corr.
950 1817 1009 1853 Ro
1027 1818 1040 1862 ΙΙ
1076 1817 1264 1865 putat<e>
1277 1818 1335 1853 Ro
1354 1820 1366 1864 ΙΙ
1386 1823 1408 1853 4

121 1864 251 1914 (non)
273 1865 364 1908 Sch;
391 1864 575 1912 [in]sanus
596 1864 670 1908 θη·
694 1865 756 1900 sed
780 1865 934 1908 fortasse
958 1868 1104 1900 servata
1129 1866 1293 1900 codicum
1317 1867 1406 1901 seri-

117 1917 235 1960 ptura
260 1911 466 1957 leyendum:
491 1912 609 1947 luxur.
630 1912 741 1957 putat
758 1912 891 1947 fuisse:
918 1922 988 1957 ego
1015 1913 1105 1947 tam.
1128 1912 1279 1947 insanus
1306 1924 1407 1948 eram

122 1964 183 1997 etc.
210 1961 222 2007 ΙΙ
248 1963 268 1996 7
294 1968 461 2004 premere
485 1961 512 1992 B
544 1961 556 2003 ΙΙ
587 1959 818 2004 cogitatione
843 1962 884 2002 A,
910 1958 1179 2004 cogitationem
1205 1962 1231 1993 Β
1262 1961 1274 2004 Η
1306 1963 1326 1995 8
1352 1971 1407 1995 re-

122 2008 242 2054 ceptis
267 2009 320 2040 Aa
338 2007 351 2052 ΙΙ
375 2006 554 2041 abstuleit
578 2009 608 2039 A
639 2007 652 2051 ΙΙ
683 2010 703 2041 9
730 2007 837 2041 mutu
861 2009 932 2051 Aa,
972 2007 1095 2041 motus
1121 2009 1166 2051 B,
1203 2007 1305 2043 mitis
1330 2007 1409 2050 Ro,-

121 2058 332 2101 expectatur
368 2053 509 2088 *saluti
545 2054 599 2088 vel
637 2055 853 2098 exoptatum
890 2052 963 2088 suit
999 2054 1053 2089 vel
1083 2055 1193 2089 etiam
1223 2066 1298 2090 non
1329 2057 1408 2090 tam

54 2119 60 2122 ·
121 2103 234 2139 miser
257 2101 343 2146 fuiss
370 2104 413 2136 10
441 2100 619 2136 sencitem
645 2103 674 2134 A
702 2103 714 2145 ΙΙ
745 2105 785 2135 11
814 2100 961 2136 adibuit
984 2103 1047 2134 AB
1065 2101 1078 2145 ΙΙ
1098 2105 1140 2136 13
1166 2100 1295 2156 (non)
1321 2102 1380 2138 Fr
1398 2103 1409 2149 {l

124 2155 166 2186 17
193 2147 374 2185 reduxisti
399 2151 452 2182 Aa.
470 2149 483 2194 ss
503 2152 545 2183 17
572 2147 730 2193 patiaris
755 2151 857 2182 13-1·
876 2148 887 2193 ΙΙ
907 2151 951 2183 21
978 2149 1018 2183 ta
1037 2151 1067 2182 A
1087 2150 1098 2195 Η
1117 2149 1240 2185 fallita
1264 2151 1338 2185 ista
1363 2153 1389 2183 B
1407 2165 1409 2191 g

122 2202 167 2233 23
195 2197 275 2232 sim.
302 2207 426 2232 rerum
452 2195 563 2241 imag.
591 2198 637 2240 A,
677 2195 757 2231 sim.
784 2195 896 2242 imag.
923 2198 969 2239 B,
996 2206 1086 2232 corr.
1113 2196 1189 2240 Ro,
1215 2198 1279 2243 qui
1297 2209 1408 2242 prae-

122 2250 220 2281 terea
252 2244 405 2280 coniecit
437 2242 578 2278 similes
603 2241 768 2288 priorum
793 2243 907 2289 imag.
938 2244 951 2288 ΙΙ
982 2247 1027 2278 24
1054 2244 1197 2279 reditur
1222 2245 1317 2279 dem.
1344 2248 1408 2289 Aa,

121 2291 220 2328 redit
243 2291 379 2327 iterum
406 2290 501 2326 dem.
530 2290 693 2335 80111126
721 2301 791 2335 que
817 2293 870 2324 Aa.

1438 753 1481 785 10

1438 1049 1480 1080 15

1435 1345 1480 1376 20

1435 1642 1479 1673 25
