1578 2470
429 113 860 151 DECLAMATIONES.
886 113 1142 150 CCCXXXIX.
1344 114 1432 157 339

145 225 284 269 multa
314 239 383 267 me
415 224 644 279 dicturum,
674 226 854 279 propter
886 237 996 279 quae
1028 222 1262 278 adprobari
1293 224 1435 278 possit

144 284 316 340 rogatio
359 298 473 339 mea,
517 283 720 326 oratoriis
758 282 925 325 artibus
969 282 1177 337 impedire
1215 297 1318 337 pars
1361 283 1433 324 ad-

143 357 270 387 versa
301 345 494 386 conatur.
537 344 672 399 negat
703 341 816 384 enim
841 342 1117 398 rogationem
1141 345 1293 384 contra
1311 342 1432 398 leges

144 389 453 458 decipiendam,
482 405 617 458 negat
648 401 854 443 adversus
889 401 1099 457 singulos.

232 461 424 512 Quorum
463 474 544 517 ego
583 463 815 516 utrumque
847 460 1071 517 confiteor3
1115 475 1264 503 verum
1295 474 1433 516 neque
1458 471 1479 502 5

143 521 349 565 adversus
376 521 495 578 leges
523 535 617 563 esse
643 520 857 575 existimo,
889 519 1097 576 quidquid
1122 534 1202 575 pro
1228 519 1433 575 opinione

143 595 194 624 ac
224 596 304 636 pro
339 580 554 637 dignitate
586 580 776 622 civitatis
809 580 993 635 petimus
1034 582 1077 622 et
1108 579 1178 622 cui
1209 579 1331 621 nulla
1364 579 1433 621 lex

144 643 305 696 scripta
343 653 394 682 ex
438 639 654 682 contrario
691 639 840 682 obstat.
899 654 1000 682 nam
1038 639 1076 681 si
1108 638 1223 694 quod
1256 642 1322 681 est
1354 638 1434 693 ius,

143 714 227 756 quo
272 700 546 742 contineatur
587 699 686 754 hoc,
729 701 779 741 ut
822 698 928 741 mali
966 699 1098 741 etiam
1138 698 1241 753 <et>
1282 701 1431 753 turpes

142 760 256 802 cives
287 759 437 814 utique
469 758 660 801 consiliis
693 758 880 813 publicis
912 758 1137 813 intersint,
1168 758 1317 800 videor
1346 757 1431 800 for·
1460 767 1504 798 10

142 821 258 860 tasse
294 818 407 860 hanc
446 818 718 874 rogationem
750 819 901 860 contra
932 817 1052 873 leges
1086 817 1326 872 scripsisse.
1396 816 1433 859 si

141 892 243 920 vero
282 877 394 920 nihil
433 879 517 932 est,
562 877 675 933 quod
712 891 763 919 ex
802 877 1019 919 contrario
1058 877 1086 929 †
1106 878 1235 931 cogat
1252 876 1299 932 †,
1343 890 1432 918 non

142 938 289 992 potest
325 936 461 979 videri
498 937 581 978 hoc
614 935 818 979 adversus
849 936 892 978 id
925 936 1133 991 scriptum
1166 950 1278 990 esse,
1317 935 1433 990 quod

140 1010 229 1039 non
260 996 419 1038 obstat.
480 995 596 1037 Illud
627 1010 730 1038 vero
763 995 986 1050 aliquanto
1018 995 1161 1037 minus
1192 994 1433 1037 existimari

139 1069 331 1111 possum,
375 1055 581 1097 adversus
627 1054 826 1111 singulos
870 1054 1096 1110 scripsisse
1128 1054 1288 1110 legem,
1334 1067 1431 1096 cum
1459 1063 1502 1095 15

141 1116 256 1157 certe
287 1114 406 1156 mille
439 1114 540 1169 sint,
575 1114 625 1156 de
658 1114 816 1169 quibus
850 1114 1008 1169 agitur.
1071 1128 1333 1168 quamquam
1365 1128 1430 1155 ra-

138 1173 306 1216 tionem
337 1174 488 1228 etiam,
524 1175 703 1228 propter
734 1173 849 1228 quod
879 1187 967 1215 non
1000 1173 1127 1215 liceat
1157 1173 1431 1229 rogationem

140 1235 293 1275 contra.
333 1233 531 1288 singulos
568 1232 700 1288 ferre,
743 1233 865 1274 illam
902 1233 1046 1284 video,
1091 1232 1205 1287 quod
1251 1234 1432 1286 peccata

144 1291 411 1348 singulorum
449 1291 674 1334 videantur
710 1291 871 1335 habere
909 1292 1027 1347 leges
1072 1305 1183 1333 suas.
1251 1290 1430 1333 homici-

140 1351 258 1392 dium
287 1350 393 1393 fecit
425 1350 598 1406 aliquis,
638 1351 929 1406 sacrilegium,
967 1351 1170 1392 iniuriam
1202 1353 1429 1405 ceteraque
1455 1360 1501 1392 20

139 1409 210 1452 his
242 1409 422 1452 similia:
455 1425 532 1452 suo
558 1410 650 1452 iure
675 1410 864 1466 punitur.
909 1424 1005 1452 cum
1032 1424 1132 1452 vero
1155 1409 1274 1451 mille
1297 1409 1430 1451 semel

140 1469 373 1524 capiendos
405 1483 450 1511 se
483 1469 813 1525 alligandosque
843 1469 963 1511 hosti
990 1468 1291 1524 praebuerint:
1323 1468 1431 1510 haec

142 1525 211 1583 (ut
255 1527 428 1584 opinor)
474 1531 723 1584 supersunt,
767 1531 816 1570 ut
859 1531 934 1570 aut
975 1529 1096 1570 nulla
1141 1528 1431 1583 castigatione

141 1587 318 1644 dignam
348 1602 458 1643 rem,
490 1589 564 1643 qui
595 1590 746 1630 contra
779 1587 939 1642 dicunt,
971 1589 1141 1642 putent3
1184 1589 1259 1629 aut
1291 1587 1330 1629 si
1363 1601 1430 1629 ca-

141 1646 344 1702 stiganda
376 1647 446 1701 sit,
478 1647 707 1690 ostendant
737 1648 891 1703 legem,
925 1661 1008 1702 qua
1040 1646 1245 1701 castigari
1269 1646 1428 1702 possit3
1455 1656 1500 1689 25

141 1708 217 1748 aut
248 1706 286 1748 si
315 1721 402 1749 non
435 1707 681 1762 ostendunt,
712 1706 820 1749 nihil
853 1706 968 1748 aliud
1000 1721 1128 1762 quam
1154 1706 1430 1761 rogationem

142 1779 367 1821 superesse
397 1765 630 1808 fateantur.
885 1797 889 1802 .

228 1824 421 1867 Primum
459 1825 595 1881 igitur
631 1825 714 1868 hoc
754 1825 867 1880 apud
897 1839 995 1879 vos,
1032 1824 1337 1880 Athenienses,
1370 1823 1430 1866 di-

238 1980 256 2012 1
283 1976 385 2021 quod
409 1979 435 2010 B
454 1978 467 2022 ΙΙ
486 1981 507 2012 6
535 1988 614 2012 esse
640 1988 707 2012 om.
733 1980 760 2011 Β
780 1979 791 2023 ΙΙ
811 1981 902 2012 6-7
932 1986 993 2022 op.
1020 1977 1058 2011 et
1082 1975 1182 2022 dign.
1202 1979 1229 2010 Β
1248 1979 1260 2021 ΙΙ
1281 1980 1300 2011 7
1330 1976 1427 2022 pati-

137 2036 222 2060 mur
256 2026 341 2067 ΔΒ,
380 2034 471 2059 corr.
498 2023 576 2066 Ro;
612 2024 770 2060 facimus
802 2024 877 2059 Aer
907 2024 919 2069 ΙΙ
950 2034 1034 2058 611111
1059 2026 1085 2057 Β
1120 2023 1132 2068 ΙΙ
1164 2028 1184 2059 8
1212 2024 1316 2059 extat
1347 2025 1427 2068 AB,

141 2083 232 2108 corr.
259 2071 318 2107 Ro
349 2071 362 2116 ΙΙ
393 2074 486 2106 8-9
512 2072 570 2106 est
593 2071 634 2106 in
659 2082 731 2116 quo
756 2074 783 2105 Β
809 2071 821 2116 ll
846 2075 867 2106 9
894 2071 933 2106 et
956 2072 1037 2106 tam
1060 2073 1087 2104 Β
1107 2069 1230 2125 ΙΙ<615>
1255 2070 1314 2107 Ro
1342 2072 1354 2116 ΙΙ
1384 2074 1427 2106 12

139 2121 248 2156 coeat
271 2121 319 2162 A;
347 2121 558 2163 expectatur
583 2117 742 2154 *valeat
767 2119 940 2163 (dicatur)
969 2118 980 2163 ΙΙ
1010 2122 1053 2153 13
1079 2118 1121 2153 id
1146 2118 1338 2164 scripsisse
1365 2130 1425 2163 qu.

139 2169 167 2201 Β
186 2168 199 2212 ΙΙ
222 2170 267 2202 14
293 2166 441 2202 substat
464 2169 491 2200 Β
511 2168 523 2212 ss
542 2165 756 2201 existimare
782 2168 860 2210 ΑΒ,
887 2177 978 2201 corr.
1005 2165 1063 2200 Ro
1088 2166 1151 2209 ctls.
1178 2169 1320 2209 341,11
1346 2167 1429 2211 pot-

143 2215 202 2249 est
227 2213 329 2250 credi
355 2212 419 2258 qui
443 2214 517 2248 hoc
541 2214 632 2249 fecit
655 2214 668 2259 ss
695 2218 738 2249 16
763 2213 891 2248 nullae
915 2215 943 2247 Β
969 2214 980 2259 ΙΙ
1007 2216 1049 2248 17
1076 2213 1176 2257 quod
1200 2212 1294 2248 mihi
1319 2213 1344 2248 1.
1369 2215 1397 2247 Β
1417 2213 1429 2259 Η

137 2264 184 2296 20
207 2261 426 2297 iniuriarum
451 2264 515 2295 ΔΒ
547 2262 558 2306 ΙΙ
589 2264 632 2295 21
660 2260 863 2305 puniuntur
887 2263 914 2294 Β
945 2262 958 2305 ΙΙ
989 2263 1033 2295 25
1060 2259 1136 2295 sint
1158 2263 1186 2294 Β
1210 2261 1223 2306 ΙΙ
1248 2260 1422 2296 ostendat

137 2310 240 2342 13-12
259 2309 272 2354 fl
289 2308 436 2354 possint
460 2311 487 2342 Β
506 2310 518 2354 ΙΙ
539 2313 584 2344 26
612 2309 812 2343 ostendant
837 2309 913 2344 Aer
931 2308 943 2353 ΙΙ
963 2318 1074 2352 quam
1099 2318 1166 2343 om.
1191 2310 1219 2342 B

1137 2365 1210 2400 22*
