<?xml version="1.0" encoding="UTF-8"?>
<!DOCTYPE html PUBLIC "-//W3C//DTD XHTML 1.0 Transitional//EN"
    "http://www.w3.org/TR/xhtml1/DTD/xhtml1-transitional.dtd">
<html xmlns="http://www.w3.org/1999/xhtml" xml:lang="en" lang="en">
 <head>
  <title>
</title>
<meta http-equiv="Content-Type" content="text/html;charset=utf-8" />
  <meta name='ocr-system' content='tesseract 3.04.00' />
  <meta name='ocr-capabilities' content='ocr_page ocr_carea ocr_par ocr_line ocrx_word'/>
</head>
<body>
  <div class='ocr_page' id='page_1' title='image "./declamationesqua00quinuoft_0009.png"; bbox 0 0 1560 2462; ppageno 0'>
   <div class='ocr_carea' id='block_1_1' title="bbox 638 78 1428 119">
    <p class='ocr_par' dir='ltr' id='par_1_1' title="bbox 638 78 1428 119">
     <span class='ocr_line' id='line_1_1' title="bbox 638 78 1428 119; baseline -0.006 0"><span class='ocrx_word' id='word_1_1' title='bbox 638 81 927 119; x_wconf 85' lang='lat' dir='ltr'><strong>PRAEFATIO.</strong></span> <span class='ocrx_word' id='word_1_2' title='bbox 1394 78 1428 114; x_wconf 93' lang='lat' dir='ltr'><strong>V</strong></span> 
     </span>
    </p>
   </div>
   <div class='ocr_carea' id='block_1_2' title="bbox 140 179 1432 695">
    <p class='ocr_par' dir='ltr' id='par_1_2' title="bbox 140 179 1432 695">
     <span class='ocr_line' id='line_1_2' title="bbox 140 179 1429 238; baseline -0.005 -12"><span class='ocrx_word' id='word_1_3' title='bbox 140 185 416 238; x_wconf 81' lang='lat' dir='ltr'>significentur</span> <span class='ocrx_word' id='word_1_4' title='bbox 453 185 504 224; x_wconf 84' lang='lat' dir='ltr'>ad</span> <span class='ocrx_word' id='word_1_5' title='bbox 542 184 754 224; x_wconf 86' lang='lat' dir='ltr'>tractanda</span> <span class='ocrx_word' id='word_1_6' title='bbox 789 183 970 222; x_wconf 83' lang='lat' dir='ltr'>themata</span> <span class='ocrx_word' id='word_1_7' title='bbox 1009 182 1171 221; x_wconf 90' lang='lat' dir='ltr'>uberius</span> <span class='ocrx_word' id='word_1_8' title='bbox 1210 179 1429 231; x_wconf 80' lang='lat' dir='ltr'>proposita,</span> 
     </span>
     <span class='ocr_line' id='line_1_3' title="bbox 141 247 1429 302; baseline -0.005 -11"><span class='ocrx_word' id='word_1_9' title='bbox 141 264 244 302; x_wconf 85' lang='lat' dir='ltr'>quae</span> <span class='ocrx_word' id='word_1_10' title='bbox 275 253 481 300; x_wconf 81' lang='lat' dir='ltr'>tamquam</span> <span class='ocrx_word' id='word_1_11' title='bbox 507 250 670 290; x_wconf 89' lang='lat' dir='ltr'>admota</span> <span class='ocrx_word' id='word_1_12' title='bbox 694 261 814 287; x_wconf 88' lang='lat' dir='ltr'>manu</span> <span class='ocrx_word' id='word_1_13' title='bbox 840 247 1046 298; x_wconf 85' lang='lat' dir='ltr'>discipulis</span> <span class='ocrx_word' id='word_1_14' title='bbox 1071 247 1179 287; x_wconf 86' lang='lat' dir='ltr'>viam</span> <span class='ocrx_word' id='word_1_15' title='bbox 1204 248 1429 286; x_wconf 70' lang='lat' dir='ltr'><strong>monstrent</strong></span> 
     </span>
     <span class='ocr_line' id='line_1_4' title="bbox 141 313 1430 368; baseline -0.005 -11"><span class='ocrx_word' id='word_1_16' title='bbox 141 319 183 357; x_wconf 83' lang='lat' dir='ltr'>et</span> <span class='ocrx_word' id='word_1_17' title='bbox 201 317 292 368; x_wconf 87' lang='lat' dir='ltr'>plus</span> <span class='ocrx_word' id='word_1_18' title='bbox 312 329 433 366; x_wconf 85' lang='lat' dir='ltr'>quam</span> <span class='ocrx_word' id='word_1_19' title='bbox 451 315 560 354; x_wconf 89' lang='lat' dir='ltr'>nuda</span> <span class='ocrx_word' id='word_1_20' title='bbox 579 315 650 353; x_wconf 88' lang='lat' dir='ltr'>illa</span> <span class='ocrx_word' id='word_1_21' title='bbox 669 314 811 354; x_wconf 87' lang='lat' dir='ltr'>divisio</span> <span class='ocrx_word' id='word_1_22' title='bbox 832 313 1150 353; x_wconf 72' lang='lat' dir='ltr'>subministrent.</span> <span class='ocrx_word' id='word_1_23' title='bbox 1188 313 1332 363; x_wconf 86' lang='lat' dir='ltr'>Itaque</span> <span class='ocrx_word' id='word_1_24' title='bbox 1350 324 1430 351; x_wconf 90' lang='lat' dir='ltr'>non</span> 
     </span>
     <span class='ocr_line' id='line_1_5' title="bbox 141 379 1430 428; baseline -0.006 -6"><span class='ocrx_word' id='word_1_25' title='bbox 141 383 317 422; x_wconf 87' lang='lat' dir='ltr'>alienum</span> <span class='ocrx_word' id='word_1_26' title='bbox 354 381 564 421; x_wconf 86' lang='lat' dir='ltr'>videamur</span> <span class='ocrx_word' id='word_1_27' title='bbox 600 381 750 428; x_wconf 85' lang='lat' dir='ltr'>facere,</span> <span class='ocrx_word' id='word_1_28' title='bbox 792 379 827 418; x_wconf 92' lang='lat' dir='ltr'>si</span> <span class='ocrx_word' id='word_1_29' title='bbox 865 379 1136 418; x_wconf 80' lang='lat' dir='ltr'>divisiones</span> <span class='ocrx_word' id='word_1_30' title='bbox 1176 381 1222 417; x_wconf 89' lang='lat' dir='ltr'>et</span> <span class='ocrx_word' id='word_1_31' title='bbox 1259 389 1430 427; x_wconf 89' lang='lat' dir='ltr'>paren-</span> 
     </span>
     <span class='ocr_line' id='line_1_6' title="bbox 142 443 1431 488; baseline -0.005 -1"><span class='ocrx_word' id='word_1_32' title='bbox 142 448 362 488; x_wconf 85' lang='lat' dir='ltr'>chireses</span> <span class='ocrx_word' id='word_1_33' title='bbox 406 447 726 486; x_wconf 85' lang='lat' dir='ltr'>inscriberemus.</span> <span class='ocrx_word' id='word_1_34' title='bbox 789 444 977 484; x_wconf 89' lang='lat' dir='ltr'>Ceterum</span> <span class='ocrx_word' id='word_1_35' title='bbox 1018 445 1144 484; x_wconf 81' lang='lat' dir='ltr'>fuisse</span> <span class='ocrx_word' id='word_1_36' title='bbox 1185 444 1288 482; x_wconf 88' lang='lat' dir='ltr'>libro</span> <span class='ocrx_word' id='word_1_37' title='bbox 1326 443 1431 481; x_wconf 85' lang='lat' dir='ltr'>hunc</span> 
     </span>
     <span class='ocr_line' id='line_1_7' title="bbox 142 508 1431 560; baseline -0.005 -8"><span class='ocrx_word' id='word_1_38' title='bbox 142 514 310 552; x_wconf 90' lang='lat' dir='ltr'>titulum</span> <span class='ocrx_word' id='word_1_39' title='bbox 341 525 420 551; x_wconf 91' lang='lat' dir='ltr'>non</span> <span class='ocrx_word' id='word_1_40' title='bbox 452 511 738 560; x_wconf 71' lang='lat' dir='ltr'>contenderim,</span> <span class='ocrx_word' id='word_1_41' title='bbox 768 510 1007 559; x_wconf 83' lang='lat' dir='ltr'>praesertim</span> <span class='ocrx_word' id='word_1_42' title='bbox 1039 523 1129 549; x_wconf 90' lang='lat' dir='ltr'>cum</span> <span class='ocrx_word' id='word_1_43' title='bbox 1160 509 1222 548; x_wconf 88' lang='lat' dir='ltr'>illi</span> <span class='ocrx_word' id='word_1_44' title='bbox 1253 508 1431 558; x_wconf 89' lang='lat' dir='ltr'>capitum</span> 
     </span>
     <span class='ocr_line' id='line_1_8' title="bbox 141 574 1432 616; baseline -0.005 0"><span class='ocrx_word' id='word_1_45' title='bbox 141 577 252 616; x_wconf 90' lang='lat' dir='ltr'>tituli</span> <span class='ocrx_word' id='word_1_46' title='bbox 289 577 581 615; x_wconf 79' lang='lat' dir='ltr'>dubitationem</span> <span class='ocrx_word' id='word_1_47' title='bbox 618 576 796 614; x_wconf 80' lang='lat' dir='ltr'>habeant</span> <span class='ocrx_word' id='word_1_48' title='bbox 833 577 874 614; x_wconf 88' lang='lat' dir='ltr'>et</span> <span class='ocrx_word' id='word_1_49' title='bbox 912 576 963 614; x_wconf 90' lang='lat' dir='ltr'>ab</span> <span class='ocrx_word' id='word_1_50' title='bbox 996 574 1157 614; x_wconf 86' lang='lat' dir='ltr'>Halmio</span> <span class='ocrx_word' id='word_1_51' title='bbox 1190 587 1211 613; x_wconf 90' lang='lat' dir='ltr'>e</span> <span class='ocrx_word' id='word_1_52' title='bbox 1243 575 1432 614; x_wconf 77' lang='lat' dir='ltr'>contextu</span> 
     </span>
     <span class='ocr_line' id='line_1_9' title="bbox 141 637 1073 695; baseline -0.002 -13"><span class='ocrx_word' id='word_1_53' title='bbox 141 643 359 683; x_wconf 82' lang='lat' dir='ltr'>verborum</span> <span class='ocrx_word' id='word_1_54' title='bbox 389 643 432 680; x_wconf 89' lang='lat' dir='ltr'>in</span> <span class='ocrx_word' id='word_1_55' title='bbox 462 643 702 693; x_wconf 70' lang='lat' dir='ltr'>apparatum</span> <span class='ocrx_word' id='word_1_56' title='bbox 733 637 1073 695; x_wconf 72' lang='lat' dir='ltr'>removeantur.*)</span> 
     </span>
    </p>
   </div>
   <div class='ocr_carea' id='block_1_3' title="bbox 142 711 1436 1547">
    <p class='ocr_par' dir='ltr' id='par_1_3' title="bbox 142 711 1436 1547">
     <span class='ocr_line' id='line_1_10' title="bbox 234 711 1432 764; baseline -0.003 -12"><span class='ocrx_word' id='word_1_57' title='bbox 234 714 366 764; x_wconf 86' lang='lat' dir='ltr'>Magis</span> <span class='ocrx_word' id='word_1_58' title='bbox 397 713 604 763; x_wconf 85' lang='lat' dir='ltr'>probabile</span> <span class='ocrx_word' id='word_1_59' title='bbox 636 713 754 764; x_wconf 87' lang='lat' dir='ltr'>illud,</span> <span class='ocrx_word' id='word_1_60' title='bbox 795 716 841 752; x_wconf 90' lang='lat' dir='ltr'>ut</span> <span class='ocrx_word' id='word_1_61' title='bbox 873 713 995 752; x_wconf 90' lang='lat' dir='ltr'>artis</span> <span class='ocrx_word' id='word_1_62' title='bbox 1027 712 1306 752; x_wconf 83' lang='lat' dir='ltr'>rhetoricae</span> <span class='ocrx_word' id='word_1_63' title='bbox 1338 711 1432 749; x_wconf 87' lang='lat' dir='ltr'>titu-</span> 
     </span>
     <span class='ocr_line' id='line_1_11' title="bbox 142 775 1433 828; baseline -0.004 -10"><span class='ocrx_word' id='word_1_64' title='bbox 142 780 226 818; x_wconf 89' lang='lat' dir='ltr'>lum</span> <span class='ocrx_word' id='word_1_65' title='bbox 264 779 415 818; x_wconf 87' lang='lat' dir='ltr'>demus.</span> <span class='ocrx_word' id='word_1_66' title='bbox 478 777 605 824; x_wconf 82' lang='lat' dir='ltr'>Quam</span> <span class='ocrx_word' id='word_1_67' title='bbox 650 779 756 817; x_wconf 89' lang='lat' dir='ltr'>enim</span> <span class='ocrx_word' id='word_1_68' title='bbox 801 778 896 817; x_wconf 89' lang='lat' dir='ltr'>olim</span> <span class='ocrx_word' id='word_1_69' title='bbox 939 778 1144 828; x_wconf 87' lang='lat' dir='ltr'>professus</span> <span class='ocrx_word' id='word_1_70' title='bbox 1191 775 1433 817; x_wconf 85' lang='lat' dir='ltr'>sententiam</span> 
     </span>
     <span class='ocr_line' id='line_1_12' title="bbox 144 838 1435 898; baseline -0.004 -15"><span class='ocrx_word' id='word_1_71' title='bbox 144 857 233 884; x_wconf 90' lang='lat' dir='ltr'>sum</span> <span class='ocrx_word' id='word_1_72' title='bbox 265 841 441 898; x_wconf 72' lang='lat' dir='ltr'>(quintil,</span> <span class='ocrx_word' id='word_1_73' title='bbox 467 844 655 893; x_wconf 86' lang='lat' dir='ltr'>Declam.,</span> <span class='ocrx_word' id='word_1_74' title='bbox 681 857 718 894; x_wconf 90' lang='lat' dir='ltr'>p.</span> <span class='ocrx_word' id='word_1_75' title='bbox 740 845 824 882; x_wconf 86' lang='lat'>255</span> <span class='ocrx_word' id='word_1_76' title='bbox 847 838 943 897; x_wconf 86' lang='lat' dir='ltr'>sq.):</span> <span class='ocrx_word' id='word_1_77' title='bbox 975 844 1090 882; x_wconf 85' lang='lat' dir='ltr'>cuius</span> <span class='ocrx_word' id='word_1_78' title='bbox 1116 844 1179 882; x_wconf 90' lang='lat' dir='ltr'>hic</span> <span class='ocrx_word' id='word_1_79' title='bbox 1205 842 1435 892; x_wconf 87' lang='lat' dir='ltr'>fragmenta</span> 
     </span>
     <span class='ocr_line' id='line_1_13' title="bbox 143 905 1435 959; baseline -0.005 -9"><span class='ocrx_word' id='word_1_80' title='bbox 143 913 364 950; x_wconf 76' lang='lat' dir='ltr'>tractamus</span> <span class='ocrx_word' id='word_1_81' title='bbox 396 910 546 948; x_wconf 89' lang='lat' dir='ltr'>librum</span> <span class='ocrx_word' id='word_1_82' title='bbox 574 921 660 947; x_wconf 87' lang='lat' dir='ltr'>esse</span> <span class='ocrx_word' id='word_1_83' title='bbox 687 909 858 947; x_wconf 88' lang='lat' dir='ltr'>eundem</span> <span class='ocrx_word' id='word_1_84' title='bbox 883 910 998 947; x_wconf 82' lang='lat' dir='ltr'>illum</span> <span class='ocrx_word' id='word_1_85' title='bbox 1025 910 1093 959; x_wconf 88' lang='lat' dir='ltr'>qui</span> <span class='ocrx_word' id='word_1_86' title='bbox 1120 909 1368 948; x_wconf 82' lang='lat' dir='ltr'>memoratur</span> <span class='ocrx_word' id='word_1_87' title='bbox 1392 905 1435 943; x_wconf 90' lang='lat' dir='ltr'>in</span> 
     </span>
     <span class='ocr_line' id='line_1_14' title="bbox 142 974 1433 1025; baseline -0.005 -10"><span class='ocrx_word' id='word_1_88' title='bbox 142 977 235 1017; x_wconf 85' lang='lat' dir='ltr'>inst.</span> <span class='ocrx_word' id='word_1_89' title='bbox 261 988 318 1015; x_wconf 91' lang='lat' dir='ltr'>or.</span> <span class='ocrx_word' id='word_1_90' title='bbox 345 975 366 1014; x_wconf 97' lang='lat' dir='ltr'>I</span> <span class='ocrx_word' id='word_1_91' title='bbox 390 988 449 1025; x_wconf 87' lang='lat' dir='ltr'>pr.</span> <span class='ocrx_word' id='word_1_92' title='bbox 479 975 606 1025; x_wconf 84' lang='lat'>7—8,</span> <span class='ocrx_word' id='word_1_93' title='bbox 634 975 750 1013; x_wconf 89' lang='lat' dir='ltr'>hodie</span> <span class='ocrx_word' id='word_1_94' title='bbox 777 987 935 1024; x_wconf 86' lang='lat' dir='ltr'>quoque</span> <span class='ocrx_word' id='word_1_95' title='bbox 961 977 1090 1014; x_wconf 82' lang='lat' dir='ltr'>teneo,</span> <span class='ocrx_word' id='word_1_96' title='bbox 1141 974 1197 1012; x_wconf 92' lang='lat' dir='ltr'>At</span> <span class='ocrx_word' id='word_1_97' title='bbox 1222 976 1360 1012; x_wconf 88' lang='lat' dir='ltr'>tamen</span> <span class='ocrx_word' id='word_1_98' title='bbox 1384 984 1433 1009; x_wconf 91' lang='lat' dir='ltr'>ne</span> 
     </span>
     <span class='ocr_line' id='line_1_15' title="bbox 143 1040 1435 1091; baseline -0.002 -12"><span class='ocrx_word' id='word_1_99' title='bbox 143 1041 203 1080; x_wconf 88' lang='lat' dir='ltr'>ita</span> <span class='ocrx_word' id='word_1_100' title='bbox 230 1040 393 1091; x_wconf 90' lang='lat' dir='ltr'>quidem</span> <span class='ocrx_word' id='word_1_101' title='bbox 417 1041 655 1090; x_wconf 89' lang='lat' dir='ltr'>inscriptum</span> <span class='ocrx_word' id='word_1_102' title='bbox 681 1040 718 1078; x_wconf 92' lang='lat' dir='ltr'>ei</span> <span class='ocrx_word' id='word_1_103' title='bbox 742 1040 867 1079; x_wconf 87' lang='lat' dir='ltr'>fuisse</span> <span class='ocrx_word' id='word_1_104' title='bbox 893 1040 1022 1078; x_wconf 85' lang='lat' dir='ltr'>ausim</span> <span class='ocrx_word' id='word_1_105' title='bbox 1048 1052 1121 1090; x_wconf 89' lang='lat' dir='ltr'>pro</span> <span class='ocrx_word' id='word_1_106' title='bbox 1147 1041 1256 1078; x_wconf 88' lang='lat' dir='ltr'>certo</span> <span class='ocrx_word' id='word_1_107' title='bbox 1276 1050 1435 1088; x_wconf 89' lang='lat' dir='ltr'>ponere.</span> 
     </span>
     <span class='ocr_line' id='line_1_16' title="bbox 145 1104 1434 1156; baseline -0.002 -12"><span class='ocrx_word' id='word_1_108' title='bbox 145 1106 289 1156; x_wconf 85' lang='lat' dir='ltr'>Itaque</span> <span class='ocrx_word' id='word_1_109' title='bbox 319 1119 370 1145; x_wconf 88' lang='lat' dir='ltr'>ne</span> <span class='ocrx_word' id='word_1_110' title='bbox 402 1108 554 1145; x_wconf 87' lang='lat' dir='ltr'>temere</span> <span class='ocrx_word' id='word_1_111' title='bbox 580 1107 621 1144; x_wconf 92' lang='lat' dir='ltr'>et</span> <span class='ocrx_word' id='word_1_112' title='bbox 646 1105 777 1145; x_wconf 88' lang='lat' dir='ltr'>obiter</span> <span class='ocrx_word' id='word_1_113' title='bbox 802 1106 941 1145; x_wconf 79' lang='lat' dir='ltr'>videar</span> <span class='ocrx_word' id='word_1_114' title='bbox 967 1118 1069 1155; x_wconf 84' lang='lat' dir='ltr'>quae</span> <span class='ocrx_word' id='word_1_115' title='bbox 1095 1105 1223 1144; x_wconf 89' lang='lat' dir='ltr'>adhuc</span> <span class='ocrx_word' id='word_1_116' title='bbox 1248 1104 1434 1154; x_wconf 86' lang='lat' dir='ltr'>placuere</span> 
     </span>
     <span class='ocr_line' id='line_1_17' title="bbox 143 1170 1436 1222; baseline -0.002 -12"><span class='ocrx_word' id='word_1_117' title='bbox 143 1173 398 1222; x_wconf 86' lang='lat' dir='ltr'>aspernatus,</span> <span class='ocrx_word' id='word_1_118' title='bbox 436 1184 517 1210; x_wconf 90' lang='lat' dir='ltr'>non</span> <span class='ocrx_word' id='word_1_119' title='bbox 554 1174 665 1211; x_wconf 92' lang='lat' dir='ltr'>muto</span> <span class='ocrx_word' id='word_1_120' title='bbox 704 1183 823 1221; x_wconf 88' lang='lat' dir='ltr'>quern</span> <span class='ocrx_word' id='word_1_121' title='bbox 860 1170 1015 1221; x_wconf 90' lang='lat' dir='ltr'>priores</span> <span class='ocrx_word' id='word_1_122' title='bbox 1055 1170 1252 1210; x_wconf 85' lang='lat' dir='ltr'>editiones</span> <span class='ocrx_word' id='word_1_123' title='bbox 1283 1170 1436 1209; x_wconf 86' lang='lat' dir='ltr'>habent</span> 
     </span>
     <span class='ocr_line' id='line_1_18' title="bbox 142 1236 1435 1286; baseline -0.002 -11"><span class='ocrx_word' id='word_1_124' title='bbox 142 1237 308 1276; x_wconf 87' lang='lat' dir='ltr'>titulum</span> <span class='ocrx_word' id='word_1_125' title='bbox 341 1236 765 1276; x_wconf 83' lang='lat' dir='ltr'>declamationum:</span> <span class='ocrx_word' id='word_1_126' title='bbox 798 1238 959 1275; x_wconf 84' lang='lat' dir='ltr'>maneat</span> <span class='ocrx_word' id='word_1_127' title='bbox 989 1236 1058 1274; x_wconf 88' lang='lat' dir='ltr'>ille</span> <span class='ocrx_word' id='word_1_128' title='bbox 1091 1236 1268 1286; x_wconf 81' lang='lat' dir='ltr'>quidem3</span> <span class='ocrx_word' id='word_1_129' title='bbox 1296 1236 1365 1274; x_wconf 88' lang='lat' dir='ltr'>sed</span> <span class='ocrx_word' id='word_1_130' title='bbox 1394 1236 1435 1273; x_wconf 85' lang='lat' dir='ltr'>id</span> 
     </span>
     <span class='ocr_line' id='line_1_19' title="bbox 143 1296 1436 1352; baseline -0.001 -12"><span class='ocrx_word' id='word_1_131' title='bbox 143 1302 236 1352; x_wconf 83' lang='lat' dir='ltr'>plus</span> <span class='ocrx_word' id='word_1_132' title='bbox 281 1315 402 1352; x_wconf 84' lang='lat' dir='ltr'>quam</span> <span class='ocrx_word' id='word_1_133' title='bbox 447 1315 740 1352; x_wconf 84' lang='lat' dir='ltr'>supervacuum</span> <span class='ocrx_word' id='word_1_134' title='bbox 782 1306 830 1341; x_wconf 93' lang='lat' dir='ltr'>ut</span> <span class='ocrx_word' id='word_1_135' title='bbox 867 1301 1063 1341; x_wconf 85' lang='lat' dir='ltr'>adiciatur</span> <span class='ocrx_word' id='word_1_136' title='bbox 1101 1296 1330 1341; x_wconf 71' lang='lat' dir='ltr'>‘minorum&#39;</span> <span class='ocrx_word' id='word_1_137' title='bbox 1369 1301 1436 1340; x_wconf 84' lang='lat' dir='ltr'>vel</span> 
     </span>
     <span class='ocr_line' id='line_1_20' title="bbox 143 1362 1435 1419; baseline 0.001 -15"><span class='ocrx_word' id='word_1_138' title='bbox 143 1362 261 1416; x_wconf 73' lang='lat' dir='ltr'>‘quae</span> <span class='ocrx_word' id='word_1_139' title='bbox 299 1364 526 1416; x_wconf 89' lang='lat' dir='ltr'>putantur&#39;.</span> <span class='ocrx_word' id='word_1_140' title='bbox 587 1368 716 1407; x_wconf 90' lang='lat' dir='ltr'>Docui</span> <span class='ocrx_word' id='word_1_141' title='bbox 748 1369 854 1406; x_wconf 89' lang='lat' dir='ltr'>enim</span> <span class='ocrx_word' id='word_1_142' title='bbox 886 1367 927 1406; x_wconf 90' lang='lat' dir='ltr'>et</span> <span class='ocrx_word' id='word_1_143' title='bbox 961 1363 1310 1419; x_wconf 69' lang='lat' dir='ltr'>demonstravi**)</span> <span class='ocrx_word' id='word_1_144' title='bbox 1345 1379 1435 1405; x_wconf 85' lang='lat' dir='ltr'>esse</span> 
     </span>
     <span class='ocr_line' id='line_1_21' title="bbox 143 1431 1434 1482; baseline 0 -12"><span class='ocrx_word' id='word_1_145' title='bbox 143 1431 242 1470; x_wconf 90' lang='lat' dir='ltr'>haec</span> <span class='ocrx_word' id='word_1_146' title='bbox 273 1431 563 1482; x_wconf 84' lang='lat' dir='ltr'>Quintilianea,</span> <span class='ocrx_word' id='word_1_147' title='bbox 596 1434 770 1472; x_wconf 86' lang='lat' dir='ltr'>alterum</span> <span class='ocrx_word' id='word_1_148' title='bbox 800 1433 902 1471; x_wconf 87' lang='lat' dir='ltr'>illud</span> <span class='ocrx_word' id='word_1_149' title='bbox 933 1445 1075 1482; x_wconf 86' lang='lat' dir='ltr'>corpus</span> <span class='ocrx_word' id='word_1_150' title='bbox 1106 1432 1304 1471; x_wconf 86' lang='lat' dir='ltr'>maiorum</span> <span class='ocrx_word' id='word_1_151' title='bbox 1335 1444 1434 1482; x_wconf 84' lang='lat' dir='ltr'>quas</span> 
     </span>
     <span class='ocr_line' id='line_1_22' title="bbox 144 1496 1436 1547; baseline 0 -12"><span class='ocrx_word' id='word_1_152' title='bbox 144 1496 331 1536; x_wconf 85' lang='lat' dir='ltr'>dicebant</span> <span class='ocrx_word' id='word_1_153' title='bbox 373 1497 711 1538; x_wconf 83' lang='lat' dir='ltr'>declamationum</span> <span class='ocrx_word' id='word_1_154' title='bbox 755 1498 858 1537; x_wconf 86' lang='lat' dir='ltr'>falso</span> <span class='ocrx_word' id='word_1_155' title='bbox 897 1497 1135 1543; x_wconf 85' lang='lat' dir='ltr'>Quintiliani</span> <span class='ocrx_word' id='word_1_156' title='bbox 1170 1497 1330 1536; x_wconf 90' lang='lat' dir='ltr'>nomine</span> <span class='ocrx_word' id='word_1_157' title='bbox 1367 1510 1436 1547; x_wconf 88' lang='lat' dir='ltr'>ap-</span> 
     </span>
    </p>
   </div>
   <div class='ocr_carea' id='block_1_4' title="bbox 102 1562 298 1616">
    <p class='ocr_par' dir='ltr' id='par_1_4' title="bbox 102 1562 298 1616">
     <span class='ocr_line' id='line_1_23' title="bbox 102 1562 298 1616; baseline -0.005 -15"><span class='ocrx_word' id='word_1_158' title='bbox 102 1612 106 1616; x_wconf 20' lang='grc' dir='ltr'><strong>Δ</strong></span> <span class='ocrx_word' id='word_1_159' title='bbox 143 1562 298 1612; x_wconf 84' lang='lat' dir='ltr'>pellari.</span> 
     </span>
    </p>
   </div>
   <div class='ocr_carea' id='block_1_5' title="bbox 287 1655 430 1660">
    <p class='ocr_par' dir='ltr' id='par_1_5' title="bbox 287 1655 430 1660">
     <span class='ocr_line' id='line_1_24' title="bbox 287 1655 430 1660; baseline 0 0"><span class='ocrx_word' id='word_1_160' title='bbox 287 1655 430 1660; x_wconf 95' lang='lat' dir='ltr'> </span> 
     </span>
    </p>
   </div>
   <div class='ocr_carea' id='block_1_6' title="bbox 142 1700 1433 1938">
    <p class='ocr_par' dir='ltr' id='par_1_6' title="bbox 142 1700 1433 1938">
     <span class='ocr_line' id='line_1_25' title="bbox 237 1700 1432 1748; baseline 0.003 -13"><span class='ocrx_word' id='word_1_161' title='bbox 237 1703 271 1745; x_wconf 70' lang='lat'>³¹⁸)</span> <span class='ocrx_word' id='word_1_162' title='bbox 298 1700 406 1736; x_wconf 85' lang='lat' dir='ltr'>Licet</span> <span class='ocrx_word' id='word_1_163' title='bbox 436 1701 564 1736; x_wconf 86' lang='lat' dir='ltr'>tamen</span> <span class='ocrx_word' id='word_1_164' title='bbox 594 1712 669 1736; x_wconf 90' lang='lat' dir='ltr'>non</span> <span class='ocrx_word' id='word_1_165' title='bbox 701 1701 776 1736; x_wconf 81' lang='lat' dir='ltr'>sint</span> <span class='ocrx_word' id='word_1_166' title='bbox 808 1701 855 1737; x_wconf 90' lang='lat' dir='ltr'>ab</span> <span class='ocrx_word' id='word_1_167' title='bbox 887 1701 972 1748; x_wconf 82' lang='lat' dir='ltr'>ipso</span> <span class='ocrx_word' id='word_1_168' title='bbox 1000 1700 1232 1744; x_wconf 85' lang='lat' dir='ltr'>Quintiliano</span> <span class='ocrx_word' id='word_1_169' title='bbox 1264 1703 1432 1747; x_wconf 83' lang='lat' dir='ltr'>praefixi,</span> 
     </span>
     <span class='ocr_line' id='line_1_26' title="bbox 144 1747 1432 1795; baseline 0 -11"><span class='ocrx_word' id='word_1_170' title='bbox 144 1747 192 1784; x_wconf 83' lang='lat' dir='ltr'>ad</span> <span class='ocrx_word' id='word_1_171' title='bbox 216 1748 506 1794; x_wconf 82' lang='lat' dir='ltr'>grammaticum</span> <span class='ocrx_word' id='word_1_172' title='bbox 532 1749 631 1784; x_wconf 88' lang='lat' dir='ltr'>certe</span> <span class='ocrx_word' id='word_1_173' title='bbox 656 1749 781 1784; x_wconf 88' lang='lat' dir='ltr'>nescio</span> <span class='ocrx_word' id='word_1_174' title='bbox 806 1760 915 1793; x_wconf 89' lang='lat' dir='ltr'>quem</span> <span class='ocrx_word' id='word_1_175' title='bbox 942 1750 1150 1795; x_wconf 83' lang='lat' dir='ltr'>pertinent,</span> <span class='ocrx_word' id='word_1_176' title='bbox 1175 1760 1296 1795; x_wconf 87' lang='lat' dir='ltr'>neque</span> <span class='ocrx_word' id='word_1_177' title='bbox 1322 1749 1432 1786; x_wconf 89' lang='lat' dir='ltr'>intel-</span> 
     </span>
     <span class='ocr_line' id='line_1_27' title="bbox 143 1795 1433 1844; baseline 0.002 -13"><span class='ocrx_word' id='word_1_178' title='bbox 143 1795 270 1841; x_wconf 82' lang='lat' dir='ltr'>legere</span> <span class='ocrx_word' id='word_1_179' title='bbox 296 1807 448 1841; x_wconf 76' lang='lat' dir='ltr'>possum</span> <span class='ocrx_word' id='word_1_180' title='bbox 473 1795 572 1831; x_wconf 88' lang='lat' dir='ltr'>unde</span> <span class='ocrx_word' id='word_1_181' title='bbox 604 1798 695 1831; x_wconf 82' lang='lat' dir='ltr'>nata</span> <span class='ocrx_word' id='word_1_182' title='bbox 719 1796 769 1831; x_wconf 88' lang='lat' dir='ltr'>sit</span> <span class='ocrx_word' id='word_1_183' title='bbox 792 1795 862 1832; x_wconf 86' lang='lat' dir='ltr'>illa</span> <span class='ocrx_word' id='word_1_184' title='bbox 885 1797 1190 1842; x_wconf 83' lang='lat' dir='ltr'>parenchireseos</span> <span class='ocrx_word' id='word_1_185' title='bbox 1215 1809 1304 1842; x_wconf 81' lang='lat' dir='ltr'>vox,</span> <span class='ocrx_word' id='word_1_186' title='bbox 1337 1809 1433 1844; x_wconf 87' lang='lat' dir='ltr'>quae</span> 
     </span>
     <span class='ocr_line' id='line_1_28' title="bbox 143 1842 1432 1891; baseline 0.002 -13"><span class='ocrx_word' id='word_1_187' title='bbox 143 1843 258 1878; x_wconf 80' lang='lat' dir='ltr'>semel</span> <span class='ocrx_word' id='word_1_188' title='bbox 295 1843 389 1879; x_wconf 81' lang='lat' dir='ltr'>alibi</span> <span class='ocrx_word' id='word_1_189' title='bbox 425 1843 541 1889; x_wconf 85' lang='lat' dir='ltr'>(apud</span> <span class='ocrx_word' id='word_1_190' title='bbox 581 1842 812 1890; x_wconf 87' lang='lat' dir='ltr'>Ciceronem)</span> <span class='ocrx_word' id='word_1_191' title='bbox 850 1844 1000 1890; x_wconf 84' lang='lat' dir='ltr'>legatur</span> <span class='ocrx_word' id='word_1_192' title='bbox 1039 1855 1121 1879; x_wconf 90' lang='lat' dir='ltr'>cum</span> <span class='ocrx_word' id='word_1_193' title='bbox 1159 1845 1432 1891; x_wconf 84' lang='lat' dir='ltr'>significatione</span> 
     </span>
     <span class='ocr_line' id='line_1_29' title="bbox 142 1890 1063 1938; baseline 0.001 -13"><span class='ocrx_word' id='word_1_194' title='bbox 142 1895 295 1936; x_wconf 81' lang='lat' dir='ltr'>prorsus</span> <span class='ocrx_word' id='word_1_195' title='bbox 321 1891 407 1935; x_wconf 74' lang='lat' dir='ltr'>alia,</span> <span class='ocrx_word' id='word_1_196' title='bbox 432 1890 505 1926; x_wconf 87' lang='lat' dir='ltr'>nisi</span> <span class='ocrx_word' id='word_1_197' title='bbox 530 1891 672 1927; x_wconf 86' lang='lat' dir='ltr'>usitata</span> <span class='ocrx_word' id='word_1_198' title='bbox 697 1892 955 1938; x_wconf 81' lang='lat' dir='ltr'>grammaticis</span> <span class='ocrx_word' id='word_1_199' title='bbox 980 1892 1063 1927; x_wconf 89' lang='lat' dir='ltr'>fuit.</span> 
     </span>
    </p>
   </div>
   <div class='ocr_carea' id='block_1_7' title="bbox 142 1949 1434 2331">
    <p class='ocr_par' dir='ltr' id='par_1_7' title="bbox 142 1949 1434 2316">
     <span class='ocr_line' id='line_1_30' title="bbox 216 1949 1433 1998; baseline 0.004 -14"><span class='ocrx_word' id='word_1_200' title='bbox 216 1949 274 1995; x_wconf 87' lang='lat'>**)</span> <span class='ocrx_word' id='word_1_201' title='bbox 298 1949 438 1986; x_wconf 84' lang='lat' dir='ltr'>Docuit</span> <span class='ocrx_word' id='word_1_202' title='bbox 468 1951 594 1996; x_wconf 85' lang='lat' dir='ltr'>potius</span> <span class='ocrx_word' id='word_1_203' title='bbox 627 1953 666 1986; x_wconf 88' lang='lat' dir='ltr'>et</span> <span class='ocrx_word' id='word_1_204' title='bbox 697 1951 790 1987; x_wconf 87' lang='lat' dir='ltr'>satis</span> <span class='ocrx_word' id='word_1_205' title='bbox 815 1952 979 1988; x_wconf 88' lang='lat' dir='ltr'>dilucide</span> <span class='ocrx_word' id='word_1_206' title='bbox 1005 1951 1197 1997; x_wconf 86' lang='lat' dir='ltr'>omnibus,</span> <span class='ocrx_word' id='word_1_207' title='bbox 1231 1953 1293 1998; x_wconf 89' lang='lat' dir='ltr'>qui</span> <span class='ocrx_word' id='word_1_208' title='bbox 1320 1954 1433 1990; x_wconf 90' lang='lat' dir='ltr'>modo</span> 
     </span>
     <span class='ocr_line' id='line_1_31' title="bbox 143 1997 1433 2046; baseline 0.004 -14"><span class='ocrx_word' id='word_1_209' title='bbox 143 1997 263 2033; x_wconf 89' lang='lat' dir='ltr'>velint</span> <span class='ocrx_word' id='word_1_210' title='bbox 286 1997 529 2043; x_wconf 86' lang='lat' dir='ltr'>perpendere,</span> <span class='ocrx_word' id='word_1_211' title='bbox 557 1999 730 2044; x_wconf 83' lang='lat' dir='ltr'>exposuit</span> <span class='ocrx_word' id='word_1_212' title='bbox 754 1999 793 2034; x_wconf 89' lang='lat' dir='ltr'>in</span> <span class='ocrx_word' id='word_1_213' title='bbox 818 2011 885 2034; x_wconf 86' lang='lat' dir='ltr'>sua</span> <span class='ocrx_word' id='word_1_214' title='bbox 911 1999 1076 2035; x_wconf 87' lang='lat' dir='ltr'>editione</span> <span class='ocrx_word' id='word_1_215' title='bbox 1101 2000 1302 2046; x_wconf 84' lang='lat' dir='ltr'>Aerodius3</span> <span class='ocrx_word' id='word_1_216' title='bbox 1337 2013 1433 2046; x_wconf 88' lang='lat' dir='ltr'>quae</span> 
     </span>
     <span class='ocr_line' id='line_1_32' title="bbox 144 2044 1432 2093; baseline 0.004 -14"><span class='ocrx_word' id='word_1_217' title='bbox 144 2045 288 2091; x_wconf 81' lang='lat' dir='ltr'>egregii</span> <span class='ocrx_word' id='word_1_218' title='bbox 313 2044 385 2080; x_wconf 88' lang='lat' dir='ltr'>viri</span> <span class='ocrx_word' id='word_1_219' title='bbox 411 2045 597 2082; x_wconf 80' lang='lat' dir='ltr'>sententia.</span> <span class='ocrx_word' id='word_1_220' title='bbox 620 2048 664 2081; x_wconf 87' lang='lat' dir='ltr'>ut</span> <span class='ocrx_word' id='word_1_221' title='bbox 688 2047 840 2083; x_wconf 87' lang='lat' dir='ltr'>caderet</span> <span class='ocrx_word' id='word_1_222' title='bbox 862 2048 901 2082; x_wconf 92' lang='lat' dir='ltr'>in</span> <span class='ocrx_word' id='word_1_223' title='bbox 921 2047 1152 2084; x_wconf 90' lang='lat' dir='ltr'>oblivionem</span> <span class='ocrx_word' id='word_1_224' title='bbox 1171 2047 1258 2083; x_wconf 88' lang='lat' dir='ltr'>inde</span> <span class='ocrx_word' id='word_1_225' title='bbox 1278 2049 1432 2093; x_wconf 82' lang='lat' dir='ltr'>factum,</span> 
     </span>
     <span class='ocr_line' id='line_1_33' title="bbox 144 2092 1431 2141; baseline 0.004 -14"><span class='ocrx_word' id='word_1_226' title='bbox 144 2093 245 2138; x_wconf 87' lang='lat' dir='ltr'>quod</span> <span class='ocrx_word' id='word_1_227' title='bbox 269 2092 348 2128; x_wconf 88' lang='lat' dir='ltr'>eius</span> <span class='ocrx_word' id='word_1_228' title='bbox 373 2092 502 2137; x_wconf 89' lang='lat' dir='ltr'>editio,</span> <span class='ocrx_word' id='word_1_229' title='bbox 529 2105 614 2128; x_wconf 89' lang='lat' dir='ltr'>cum</span> <span class='ocrx_word' id='word_1_230' title='bbox 639 2093 719 2130; x_wconf 86' lang='lat' dir='ltr'>sola</span> <span class='ocrx_word' id='word_1_231' title='bbox 743 2095 957 2130; x_wconf 83' lang='lat' dir='ltr'>Parmensis</span> <span class='ocrx_word' id='word_1_232' title='bbox 984 2095 1210 2131; x_wconf 83' lang='lat' dir='ltr'>auctoritate</span> <span class='ocrx_word' id='word_1_233' title='bbox 1235 2096 1431 2141; x_wconf 87' lang='lat' dir='ltr'>niteretur,</span> 
     </span>
     <span class='ocr_line' id='line_1_34' title="bbox 142 2140 1434 2189; baseline 0.003 -13"><span class='ocrx_word' id='word_1_234' title='bbox 142 2140 231 2186; x_wconf 80' lang='lat' dir='ltr'>post</span> <span class='ocrx_word' id='word_1_235' title='bbox 260 2140 456 2186; x_wconf 83' lang='lat' dir='ltr'>vulgatum</span> <span class='ocrx_word' id='word_1_236' title='bbox 488 2140 657 2176; x_wconf 85' lang='lat' dir='ltr'>codicem</span> <span class='ocrx_word' id='word_1_237' title='bbox 687 2141 1059 2188; x_wconf 88' lang='lat' dir='ltr'>Montepessulanum</span> <span class='ocrx_word' id='word_1_238' title='bbox 1085 2142 1144 2187; x_wconf 89' lang='lat' dir='ltr'>(A)</span> <span class='ocrx_word' id='word_1_239' title='bbox 1177 2155 1252 2179; x_wconf 90' lang='lat' dir='ltr'>non</span> <span class='ocrx_word' id='word_1_240' title='bbox 1284 2145 1434 2189; x_wconf 85' lang='lat' dir='ltr'>poterat</span> 
     </span>
     <span class='ocr_line' id='line_1_35' title="bbox 143 2187 1433 2236; baseline 0.003 -14"><span class='ocrx_word' id='word_1_241' title='bbox 143 2187 244 2223; x_wconf 85' lang='lat' dir='ltr'>ultra</span> <span class='ocrx_word' id='word_1_242' title='bbox 275 2199 359 2223; x_wconf 90' lang='lat' dir='ltr'>cum</span> <span class='ocrx_word' id='word_1_243' title='bbox 391 2188 525 2223; x_wconf 85' lang='lat' dir='ltr'>ceteris</span> <span class='ocrx_word' id='word_1_244' title='bbox 558 2189 794 2225; x_wconf 87' lang='lat' dir='ltr'>contendere.</span> <span class='ocrx_word' id='word_1_245' title='bbox 845 2190 928 2236; x_wconf 82' lang='lat' dir='ltr'>Ipse</span> <span class='ocrx_word' id='word_1_246' title='bbox 955 2190 1165 2235; x_wconf 84' lang='lat' dir='ltr'>conquisivi</span> <span class='ocrx_word' id='word_1_247' title='bbox 1190 2191 1343 2226; x_wconf 78' lang='lat' dir='ltr'>Aerodii</span> <span class='ocrx_word' id='word_1_248' title='bbox 1375 2203 1433 2226; x_wconf 87' lang='lat' dir='ltr'>ar-</span> 
     </span>
     <span class='ocr_line' id='line_1_36' title="bbox 144 2235 1434 2316; baseline 0.003 -46"><span class='ocrx_word' id='word_1_249' title='bbox 144 2237 326 2316; x_wconf 56' lang='lat' dir='ltr'>{umenta</span> <span class='ocrx_word' id='word_1_250' title='bbox 345 2236 383 2270; x_wconf 90' lang='lat' dir='ltr'>et</span> <span class='ocrx_word' id='word_1_251' title='bbox 402 2235 619 2272; x_wconf 81' lang='lat' dir='ltr'>confirmavi</span> <span class='ocrx_word' id='word_1_252' title='bbox 637 2239 745 2272; x_wconf 76' lang='lat' dir='ltr'>tanta</span> <span class='ocrx_word' id='word_1_253' title='bbox 764 2237 913 2273; x_wconf 86' lang='lat' dir='ltr'>adiecta</span> <span class='ocrx_word' id='word_1_254' title='bbox 934 2238 1043 2282; x_wconf 87' lang='lat' dir='ltr'>mole,</span> <span class='ocrx_word' id='word_1_255' title='bbox 1071 2239 1114 2272; x_wconf 92' lang='lat' dir='ltr'>ut</span> <span class='ocrx_word' id='word_1_256' title='bbox 1132 2249 1350 2283; x_wconf 84' lang='lat' dir='ltr'>persuasum</span> <span class='ocrx_word' id='word_1_257' title='bbox 1369 2240 1434 2274; x_wconf 83' lang='lat' dir='ltr'>ha-</span> 
     </span>
    </p>

    <p class='ocr_par' dir='ltr' id='par_1_8' title="bbox 175 2282 978 2331">
     <span class='ocr_line' id='line_1_37' title="bbox 175 2282 978 2331; baseline 0.002 -13"><span class='ocrx_word' id='word_1_258' title='bbox 175 2293 259 2318; x_wconf 82' lang='lat' dir='ltr'>eam</span> <span class='ocrx_word' id='word_1_259' title='bbox 285 2293 359 2318; x_wconf 89' lang='lat' dir='ltr'>non</span> <span class='ocrx_word' id='word_1_260' title='bbox 386 2282 520 2318; x_wconf 82' lang='lat' dir='ltr'>iterum</span> <span class='ocrx_word' id='word_1_261' title='bbox 546 2283 626 2319; x_wconf 89' lang='lat' dir='ltr'>fore</span> <span class='ocrx_word' id='word_1_262' title='bbox 652 2286 694 2319; x_wconf 89' lang='lat' dir='ltr'>ut</span> <span class='ocrx_word' id='word_1_263' title='bbox 718 2285 978 2331; x_wconf 85' lang='lat' dir='ltr'>neglegantur.</span> 
     </span>
    </p>
   </div>
  </div>
 </body>
</html>
