1604 2488
193 731 234 761 10

194 1021 236 1051 15

194 1309 238 1340 20

196 1597 241 1628 25

196 1887 240 1919 30

258 93 342 135 208
734 95 849 137 QUIN
849 95 1026 130 TILIANI

258 202 412 254 potest,
442 200 525 241 nisi
556 201 667 255 quod
697 201 852 242 tacitus
877 202 1044 256 probat.
1085 216 1163 245 nec
1186 203 1290 246 haec
1313 204 1359 245 in
1382 205 1508 246 nobis

258 262 424 300 tantum
468 259 740 312 comparatio.
807 262 926 300 muta
970 260 1172 302 animalia
1214 261 1251 302 si
1291 261 1337 304 in
1377 277 1508 304 unum

260 316 548 369 conferantur,
585 329 740 370 genera
776 319 922 358 tamen
958 318 1143 360 coibunt.
1203 319 1362 361 amicus
1392 320 1508 362 illius

259 373 397 427 fuisti,
430 387 526 415 cum
556 374 632 416 illo
663 375 743 416 tibi
775 375 886 416 seria
914 389 963 417 ac
986 375 1085 417 ioci:
1115 390 1202 418 non
1225 380 1348 432 potes
1373 377 1508 419 videri

259 445 345 472 non
380 431 601 486 probasse,
638 446 742 486 quae
777 447 863 475 non
898 433 1119 487 ignorasti.
1179 435 1336 476 amicus
1366 435 1509 490 prodi-

260 489 366 530 toris
402 489 535 532 fuisti.
593 490 689 543 plus
729 493 796 532 est
832 491 930 544 hoc,
974 505 1101 545 quam
1133 491 1169 533 si
1198 492 1369 546 dixeris,
1413 507 1510 535 con-

261 547 395 588 scium
420 550 463 588 te
487 547 629 589 fuisse.
665 547 750 601 „At
774 549 841 590 bis
863 550 1002 590 tortus
1023 549 1307 604 pernegavit.“
1343 550 1510 592 Reddes

261 605 384 646 nobis
415 606 641 659 rationem,
673 620 802 659 quare
833 606 896 647 illi
928 607 1087 648 amicus
1118 609 1340 661 tantopere
1369 608 1511 650 fueris.

261 662 436 717 dignum
479 678 547 705 me
589 663 758 705 hercule
802 665 1042 718 exemplum
1084 664 1195 718 quod
1230 665 1351 708 fieret
1385 666 1432 707 in
1467 680 1512 708 re

260 720 521 762 honestiore:
539 724 599 775 tu,
617 735 669 763 ne
689 721 761 763 ille
782 722 964 776 amplius
982 724 1262 776 torqueretur,
1280 723 1512 776 periculum

260 778 410 832 capitis
456 779 626 833 subisti,
669 780 758 834 ille,
801 794 854 821 ne
890 783 932 821 te
971 781 1230 835 nominaret,
1271 780 1337 823 bis
1373 783 1512 823 tortus

260 839 335 878 est.
368 836 439 890 qui
469 850 555 878 non
584 837 744 878 indicat
764 837 1048 892 (conscium),
1079 838 1302 880 confitetur
1333 839 1515 880 amicum

262 895 404 935 fuisse.
446 895 539 948 „bis
571 898 710 937 tortus
741 895 952 950 negavit.“
993 896 1103 937 nihil
1134 895 1270 938 dicam
1303 896 1354 938 de
1380 897 1513 939 varie-

262 954 351 993 tate
375 954 701 994 tormentorum:
726 953 914 995 nondum
940 956 1031 995 erat
1054 956 1206 1004 tortus,
1232 954 1305 1008 qui
1325 954 1516 1008 torqueri

261 1012 443 1064 poterat.
503 1011 595 1063 illa,
626 1011 701 1051 illa
738 1011 930 1065 quaestio
961 1011 1129 1065 fuisset,
1165 1025 1291 1065 quam
1321 1011 1515 1054 timuisti.

263 1067 435 1108 difficile
473 1071 538 1109 est
574 1070 720 1110 contra
752 1068 942 1110 dolorem
974 1069 1114 1123 aegris
1146 1068 1296 1110 durare
1328 1069 1514 1123 corpori-

261 1125 361 1179 bus,
399 1128 446 1166 at
487 1126 610 1167 facile
654 1127 720 1166 est
759 1126 926 1180 integro
971 1140 1096 1168 sensu
1138 1126 1340 1180 perferre,
1387 1141 1513 1180 quam

264 1183 395 1224 semel
419 1183 617 1236 indueris,
647 1184 977 1237 persuasionem.
1020 1183 1115 1225 ideo
1143 1198 1211 1225 ars
1236 1184 1409 1225 inventa
1433 1186 1514 1226 est:

262 1240 362 1281 illae
386 1243 586 1295 torquent
608 1243 840 1283 nocturnae
861 1241 1157 1297 cogitationes,
1182 1241 1258 1283 illa
1275 1241 1514 1283 recordatio

263 1300 610 1353 praeteritorum,
645 1299 724 1340 illa
761 1300 999 1353 expectatio
1041 1299 1293 1341 futurorum.
1344 1299 1420 1340 illa
1451 1302 1516 1341 est

265 1357 456 1409 quaestio
488 1358 652 1412 gravis,
692 1371 787 1399 cum
818 1357 992 1399 vulnera
1023 1357 1268 1410 caeduntur,
1299 1371 1393 1398 cum
1423 1371 1515 1412 per-

265 1428 437 1456 suasum
469 1418 534 1457 est
559 1415 713 1468 animo,
742 1415 908 1456 nullum
935 1429 1025 1457 esse
1050 1415 1178 1456 finem
1195 1417 1516 1457 tormentorum.

264 1486 352 1514 non
380 1473 512 1527 igitur
542 1475 716 1527 peracta
745 1473 937 1527 quaestio
967 1473 1062 1514 fuit.

350 1530 480 1573 Ducit
529 1546 596 1572 me
638 1530 870 1585 indignitas
912 1531 985 1572 rei.
1057 1544 1264 1572 venenum
1307 1529 1517 1584 proditori

266 1587 431 1631 dedisti.
503 1589 588 1630 nisi
634 1589 751 1629 aliud
793 1589 952 1630 crimen
995 1602 1284 1642 occupassem,
1325 1587 1518 1630 veneficii

265 1659 517 1688 accusarem.
561 1660 768 1687 venenum
793 1647 971 1700 paravit,
1002 1646 1164 1698 habuit,
1196 1645 1323 1687 dedit.
1372 1648 1414 1687 et
1432 1645 1517 1699 pri-

265 1717 380 1745 mum
417 1704 497 1745 hoc
536 1703 734 1745 invadere
766 1704 888 1745 libet:
933 1703 1041 1745 unde
1071 1703 1152 1744 tibi
1182 1702 1419 1744 venenum?
1465 1702 1517 1744 ad

265 1775 370 1814 quos
411 1776 532 1804 casus
570 1761 763 1816 parasti?
823 1762 882 1803 sic
918 1761 1022 1803 illud
1059 1761 1264 1814 habuisti,
1300 1763 1517 1815 tamquam

264 1820 402 1873 possis
428 1820 519 1874 ipse
544 1819 743 1874 torqueri.
787 1833 876 1874 age,
907 1819 1093 1861 nondum
1121 1818 1274 1860 invado
1299 1821 1518 1872 tamquam

265 1877 541 1932 proditorem3
568 1878 741 1919 interim
768 1891 847 1932 ago
872 1880 1014 1919 tecum
1033 1877 1310 1932 magistratus
1328 1875 1518 1918 nomine:

265 1949 338 1976 cur
375 1936 421 1977 in
458 1936 692 1978 custodiam
734 1935 962 1989 inrupisti‘?
1006 1935 1159 1990 quibus
1190 1933 1407 1989 suppliciis
1438 1933 1519 1974 hoc

359 2029 374 2059 1
402 2027 524 2061 tactus
549 2030 575 2060 B
608 2029 619 2072 Η
649 2027 753 2062 vobis
778 2029 804 2060 B
830 2027 841 2071 ΙΙ
871 2030 891 2060 2
918 2027 1061 2061 tantum
1086 2036 1151 2061 om.
1177 2028 1230 2060 Aa.
1253 2026 1264 2070 ΙΙ
1292 2028 1382 2059 2-3
1407 2034 1517 2058 unum

266 2073 410 2107 tantum
435 2073 529 2108 conf.
554 2076 580 2106 B
605 2075 617 2118 ΙΙ
641 2077 661 2107 5
686 2084 796 2118 quem
821 2076 899 2115 ΔΒ,
932 2084 1021 2108 corr.
1047 2072 1104 2107 Ro
1129 2073 1140 2116 {l
1169 2076 1188 2106 7
1213 2070 1364 2106 *reddis
1379 2069 1424 2115 (ἓ)
1444 2070 1455 2114 ΙΙ
1476 2073 1518 2103 12

264 2141 505 2188 (conscium)
529 2143 587 2178 Ro
612 2144 622 2187 Η
650 2146 692 2177 15
725 2121 924 2187 qardinig
949 2145 978 2175 A
996 2143 1007 2187 ΙΙ
1027 2144 1070 2176 15
1094 2142 1251 2186 poterat.
1285 2139 1353 2174 illa
1377 2138 1518 2183 questio

266 2189 364 2222 esset
388 2199 497 2232 quam
521 2189 585 2234 qui
609 2190 696 2224 visti
720 2193 745 2222 Β
777 2190 788 2233 ΙΙ
821 2192 862 2224 18
887 2188 973 2223 iodo
998 2191 1050 2222 Aa.
1079 2189 1090 2233 11
1121 2191 1166 2222 24
1191 2188 1280 2222 duce
1305 2189 1331 2219 B
1358 2187 1370 2231 ΙΙ
1395 2189 1438 2220 31
1465 2185 1519 2219 in-

264 2234 434 2279 rumpisti
458 2239 510 2269 Aa
