1578 2470
413 87 841 126 DECLAMATIONES.
861 88 1185 140 CCCLXXXVHL
1341 89 1430 132 435

145 196 333 252 numine,
365 197 479 253 quod
509 198 638 241 rebus
668 198 883 254 humanis,
915 198 1046 240 etiam
1073 212 1158 253 qua
1182 212 1273 240 non
1299 213 1429 253 appa-

143 258 227 312 ret,
256 255 512 313 intervenit)
549 271 727 314 peregre
757 257 1013 314 negotiandi
1045 272 1176 300 causa
1206 257 1427 313 profectus

145 317 230 358 est:
256 329 354 358 cum
378 315 492 359 forte
517 317 635 359 videt
658 332 840 372 puerum
858 316 1087 360 venalibus
1107 317 1427 372 interpositum,

143 375 273 418 simul
305 378 349 417 et
381 376 559 431 agnovit
590 378 635 418 et
665 377 839 433 agnitus
871 379 947 420 est.
996 376 1136 431 »quis,
1167 376 1323 431 inquit,
1353 390 1427 418 vo-

142 434 212 477 bis
246 436 458 490 narravit,
497 435 544 477 in
581 450 689 491 quas
720 438 860 478 terras
892 436 1060 478 delatus
1094 435 1260 478 essem?
1322 450 1427 478 num
1453 447 1473 479 5
1535 458 1540 463 ·

142 494 240 537 avia
270 493 439 537 vivit?‹<
470 494 618 550 itaque
648 495 805 538 habuit
834 510 941 551 puer
972 495 1251 550 adsertorem,
1283 494 1426 537 adser-

140 554 212 596 tor
238 567 506 609 sponsorem,
536 554 790 611 peregrinus
817 555 1064 610 advocatos,
1096 568 1193 596 cum
1219 554 1313 609 ipse
1338 554 1428 596 vul·

140 615 212 655 tus
245 627 420 655 causam
450 613 738 668 ingenuitatis
771 629 873 656 suae
906 616 1072 670 ageret:
1114 614 1255 655 filium
1286 613 1427 668 istius,

141 672 245 727 quid
276 673 394 715 aliud
426 672 584 728 dicam,
614 688 743 729 quam
776 673 1082 730 agnoverunt?
1138 687 1216 715 nec
1247 673 1425 714 mirum:

140 731 251 773 nihil
277 734 373 774 erat
398 732 637 775 confusum.
675 732 815 776 fateor
841 733 1027 775 multum
1053 732 1296 775 absentium
1322 746 1422 786 quo·
1452 743 1496 776 10

140 805 222 846 que
251 790 468 846 profuisse
499 792 697 846 nomina,
729 807 825 835 cum
858 793 1111 847 diceremus,
1141 791 1305 834 »habet
1336 805 1423 833 ma-

138 852 263 906 trem,
293 850 428 893 habet
459 851 636 894 aviam«
677 851 724 893 in
748 867 835 894 una
859 866 918 907 re,
948 851 1123 905 iudices,
1155 850 1329 892 mentiti
1355 865 1423 892 su-

138 923 248 951 mus.
308 909 630 953 adfirmavimus
663 911 777 952 enim
809 910 1021 965 futurum,
1059 913 1109 952 ut
1139 909 1254 952 hunc
1285 911 1424 951 mater

138 970 401 1024 agnosceret.
1327 995 1339 1010 ς

229 1027 549 1084 [Argumenta]
601 1027 725 1070 Bona
755 1031 938 1084 paterna
970 1029 1059 1071 filio
1091 1030 1205 1084 peto.
1448 1038 1491 1070 15

224 1085 340 1142 „Sed
378 1101 477 1144 ego,
514 1087 675 1143 inquit,
712 1088 839 1130 heres
878 1102 986 1131 sum
988 1088 1011 1109 “
1074 1086 1158 1129 Sed
1195 1087 1265 1129 hic
1303 1087 1422 1142 prior

134 1145 272 1188 heres.

223 1204 423 1260 „Periit,“
455 1206 609 1261 inquit.
648 1206 857 1255 Quando?
891 1206 1004 1260 apud
1037 1206 1180 1247 aviam
1205 1205 1420 1247 valuerat:

136 1263 191 1306 ad
222 1266 408 1306 mortem
440 1265 671 1307 arcessitus
703 1265 799 1307 est‘?
833 1265 992 1307 diutius
1026 1264 1188 1319 captivi
1220 1264 1333 1319 apud
1358 1265 1420 1320 pi·

135 1325 254 1366 ratas
285 1323 451 1366 vivunt.
481 1324 622 1379 „visis,
652 1324 804 1379 inquit,
835 1324 990 1379 piratis
1015 1324 1190 1366 relictus
1216 1323 1418 1366 fluctibus
1446 1333 1491 1365 20

136 1383 318 1425 obrutus
357 1382 460 1425 est.“
522 1383 623 1438 quid
665 1383 760 1426 ais‘?
804 1383 1013 1426 relictus?
1058 1383 1138 1425 ulli
1168 1385 1309 1424 metus
1341 1382 1421 1424 filii

135 1442 390 1484 memoriam
427 1442 511 1484 tibi
552 1442 804 1484 excutiunt?
865 1444 1052 1485 matrem
1090 1456 1178 1484 non
1219 1455 1421 1497 agnosco.

136 1501 347 1556 quaedam
374 1502 581 1544 animalia
605 1502 701 1557 ipso
721 1517 795 1544 ore
821 1502 867 1543 in
891 1501 1095 1557 periculis
1122 1501 1290 1543 catulos
1317 1515 1418 1543 suos

135 1560 405 1603 transferunt
439 1575 659 1616 novasque
690 1561 779 1603 illis
811 1561 1085 1617 indulgentia
1117 1575 1270 1603 manus
1304 1575 1418 1602 com-

132 1623 280 1663 menta
317 1623 400 1662 est:
439 1620 592 1663 noxios
631 1620 796 1676 alioqui
833 1635 1002 1663 morsus
1034 1620 1134 1663 huic
1165 1620 1240 1662 uni
1272 1619 1415 1662 officio
1442 1629 1487 1660 25

132 1679 351 1735 mitigant.
387 1679 648 1735 nidulorum,
680 1681 717 1722 si
742 1680 1017 1735 infestantur,
1048 1680 1199 1722 crebra
1230 1679 1416 1721 mutatio

133 1741 212 1780 est.
242 1753 321 1781 nec
353 1739 587 1794 quidquam
612 1754 750 1795 usque
777 1754 827 1782 eo
853 1739 994 1781 ferum
1022 1742 1100 1794 est,
1131 1741 1181 1780 ut
1206 1753 1295 1780 non
1320 1753 1416 1780 cum

130 1798 339 1854 progenie
372 1813 450 1840 sua
476 1799 654 1854 migret:
686 1799 793 1842 adeo
818 1799 919 1854 illis,
952 1798 1109 1854 quibus
1136 1798 1329 1840 omnium
1355 1812 1416 1839 re-

131 1871 228 1899 rum
260 1857 507 1899 intellectus
539 1861 725 1914 negatus
753 1860 830 1913 est,
861 1858 932 1899 hic
956 1860 1104 1899 tamen
1130 1856 1324 1898 adfectus
1351 1871 1416 1897 re-

227 1988 247 2019 3
273 1984 418 2019 videret
442 1988 469 2018 B
488 1986 500 2030 11
519 1985 716 2020 venatibus
741 1987 771 2018 A
789 1986 802 2030 11
824 1989 845 2019 4
872 1983 1051 2030 cognovit
1076 1988 1102 2017 P
1120 1985 1133 2029 11
1153 1987 1196 2018 13
1223 1984 1322 2018 hunc
1347 1994 1413 2019 om.

130 2034 158 2066 B
177 2033 189 2076 11
210 2034 350 2066 14—15
376 2034 598 2077 agnosceret
621 2033 794 2077 arguffita
817 2032 916 2066 bona
940 2032 1017 2076 pat.
1046 2035 1108 2067 etc.
1129 2034 1169 2075 A,
1196 2033 1416 2076 agnosceret

131 2079 230 2114 bona
252 2081 343 2123 pat„
373 2079 503 2115 omisso
528 2080 749 2125 argumenta
772 2082 799 2113 B
831 2079 842 2124 11
876 2083 919 2114 16
946 2079 1040 2114 haec
1065 2081 1091 2112 B
1117 2079 1129 2124 11
1158 2082 1199 2113 18
1226 2078 1326 2123 perit
1349 2081 1380 2112 A
1403 2078 1416 2125 11

131 2130 175 2161 19
202 2137 341 2162 arces
373 2129 403 2160 A
452 2127 464 2171 11
514 2126 712 2162 arcersitus
737 2129 785 2170 A,
818 2127 1016 2162 arcessitus
1048 2128 1075 2159 B
1125 2127 1137 2172 11
1186 2130 1230 2160 21
1262 2125 1414 2161 relictus

130 2183 256 2210 amore
281 2173 361 2222 ⁴²plis
387 2173 504 2208 etiam
528 2173 618 2209 feris
642 2174 763 2209 multfi
788 2174 914 2209 valere
939 2173 1008 2208 ulli
1034 2177 1096 2208 etc.
1112 2174 1161 2220 Ajf
1172 2176 1413 2208 24—2500m-

128 2233 306 2269 mandata
330 2236 384 2267 Aa
402 2233 414 2278 11
434 2235 574 2268 25-28
597 2235 637 2264 Ν
659 2236 690 2267 A
709 2234 720 2278 11
740 2236 784 2268 25
812 2232 928 2279 aliqui
946 2235 976 2266 A
995 2234 1006 2278 11
1026 2236 1071 2269 28
1098 2233 1179 2268 def
1201 2235 1231 2266 A
1250 2234 1262 2277 11
1282 2236 1326 2267 29
1351 2242 1414 2267 ne-

129 2281 240 2325 gatus
265 2291 332 2316 om.
358 2284 383 2314 P

1123 2338 1197 2372 ⁶28*
