1604 2488
276 106 362 148 296
756 105 1055 148 QUINTILIANI

276 212 460 268 populus
491 212 643 254 lustret
673 214 799 266 atque
831 212 991 254 ambiat
1019 225 1184 266 rogum.
1229 212 1458 256 adiciamus
1490 216 1535 256 et

275 269 492 312 lacrimas:
540 269 827 324 »perdidimus
870 269 1182 324 tyrannicidam
1230 273 1274 313 et
1322 271 1532 314 vindicem

276 329 340 370 rei
374 327 569 382 publicae
610 330 654 370 et
682 328 894 370 libertatis
926 329 1190 371 auctorem!
1238 330 1330 371 tum
1360 329 1532 372 domum

277 385 438 427 reversi
468 399 688 428 narremus
713 386 859 428 liberis
884 387 1062 429 nostris:
1093 386 1226 429 »haec
1245 386 1385 429 >virtus
1403 387 1534 429 habet

232 455 252 485 5
277 444 508 498 praemia«.
557 458 611 485 an
654 444 805 499 aliquis
849 445 979 486 etiam
1021 446 1164 486 rostra
1205 445 1456 488 conscendet
1491 447 1536 487 et

278 500 368 557 (qui
408 516 627 557 supremus
660 502 785 544 claris
817 502 979 544 civibus
1010 502 1147 545 honor
1176 500 1375 559 habetur)
1407 503 1535 546 advo-

278 562 374 602 cata
402 560 551 615 populi
582 561 776 603 contione
807 560 952 602 laudes
985 561 1088 615 eius,
1119 575 1244 615 quem
1274 561 1320 602 in
1349 561 1444 603 foro
1471 574 1530 603 se-

276 618 438 673 pulturi
471 633 629 672 sumus,
660 618 880 660 concinet?
924 618 1112 660 Audient
1141 618 1248 660 haec
1278 618 1336 660 dii
1364 618 1534 661 immor-

277 675 405 731 tales,
437 677 509 731 qui
540 691 619 718 nos
650 676 895 731 pestilentia
925 676 1234 730 liberaverunt,
1269 676 1340 731 qui
1371 677 1533 731 gravis-

211 744 253 775 10
280 734 411 776 simos
442 734 615 776 morbos
646 734 823 790 propitii
853 734 1088 776 miserunt?
1115 734 1151 776 si
1176 734 1266 776 ulla
1291 736 1356 776 est
1379 734 1536 777 dicenti

277 790 402 846 fides,
443 792 530 834 iam
572 806 683 835 nunc
720 793 765 834 in
800 792 881 834 hac
919 793 1175 847 cogitatione
1213 794 1340 847 atque
1376 793 1423 834 in
1457 792 1538 835 hac

277 863 420 891 rerum
458 850 648 905 imagine
691 853 883 892 versatur
926 865 1045 893 mens
1083 865 1189 892 mea.
1250 864 1300 892 ex
1337 850 1412 892 illo
1449 863 1538 892 suc-

278 921 404 949 censo
438 909 612 962 tyranni
642 922 748 963 rogo
781 909 1011 951 surrecturi
1041 908 1147 951 mihi
1175 908 1372 963 protinus
1401 908 1540 950 morbi

277 965 492 1008 videntur:
530 969 573 1007 et
610 981 875 1021 quacumque
911 966 1057 1008 feralis
1094 967 1168 1008 ille
1203 966 1319 1021 ignis
1354 966 1400 1008 in
1437 965 1538 1008 civi—

211 1033 253 1064 15
277 1024 411 1065 tatem
443 1024 559 1066 diros
584 1024 683 1066 illos
710 1028 836 1079 atque
863 1025 1120 1066 execrabiles
1145 1023 1361 1066 diffuderit
1383 1023 1539 1078 fumos,

279 1094 452 1136 gravem
495 1082 708 1136 quandam
751 1082 856 1136 <ac>
898 1081 1166 1137 pestilentem
1210 1081 1369 1123 nubem
1410 1095 1539 1135 supra

279 1138 429 1181 domos
465 1142 635 1181 nostras
672 1154 721 1182 ac
757 1142 872 1181 tecta
912 1154 1134 1181 sessuram.
1195 1153 1302 1194 quae
1341 1141 1443 1181 tunc
1479 1152 1540 1180 re-

279 1210 440 1251 sponsa
474 1197 653 1251 petituri
693 1197 866 1240 sumus?
909 1197 1021 1252 quod
1057 1196 1289 1239 auxilium?
1331 1196 1541 1250 homines,

281 1255 354 1309 qui
395 1254 507 1297 hanc
553 1269 718 1310 quoque
766 1255 846 1297 diis
888 1255 1202 1298 immortalibus
1242 1254 1442 1296 iniuriam
1480 1253 1542 1296 fa-

210 1323 255 1355 20
280 1313 432 1368 cimus,
467 1316 516 1355 ut
551 1313 775 1356 videantur
806 1314 992 1355 salutare
1021 1312 1128 1355 illud
1158 1313 1219 1355 rei
1249 1313 1444 1367 publicae
1474 1325 1539 1354 re-

281 1385 486 1425 sponsum
516 1385 593 1426 pro
626 1374 811 1426 tyranno
845 1371 1021 1414 dedisse.

777 1519 1042 1564 CCCXXX.

362 1600 675 1655 Abdicandus,
708 1601 790 1654 qui
821 1601 912 1644 alit
942 1600 1206 1644 adulteram
1237 1601 1453 1644 matrem.

211 1705 256 1738 25
283 1692 470 1736 Crimine
514 1694 712 1735 adulterii
754 1694 993 1748 repudiavit
1035 1694 1206 1747 quidam
1249 1707 1440 1748 uxorem,
1491 1708 1543 1736 ex

399 1767 482 1807 qua
500 1752 694 1794 iuvenem
713 1752 899 1793 habebat
917 1751 1063 1793 filium.
1098 1751 1342 1793 adulescens
1363 1751 1543 1794 accessit

400 1810 453 1851 ad
483 1812 648 1864 patrem
681 1811 723 1851 et
754 1810 832 1864 ait,
863 1809 997 1851 amari
1028 1824 1052 1850 a
1078 1824 1121 1851 se
1147 1808 1424 1852 meretricem.
1473 1809 1542 1852 de-

401 1868 463 1910 dit
500 1869 724 1923 pecuniam
754 1868 818 1909 illi
848 1869 982 1922 pater.
1029 1867 1103 1908 ille
1133 1869 1315 1909 matrem
1346 1869 1543 1922 egentem

402 1927 513 1968 alere
545 1927 703 1980 coepit,
733 1928 855 1980 patre
885 1926 1122 1980 ignorante.
1183 1926 1390 1980 comperit
1419 1927 1543 1980 pater

401 1987 443 2026 et
473 1985 527 2026 ob
559 1985 641 2026 hoc
672 1984 842 2026 abdicat
871 1984 1016 2025 filium.

377 2114 396 2144 6
422 2109 562 2146 honora
586 2109 722 2145 habere
746 2112 847 2143 B—l’
878 2111 889 2155 ΙΙ
921 2113 941 2144 8
973 2109 1044 2144 hoc
1074 2112 1118 2152 B,
1148 2118 1213 2144 om.
1239 2109 1292 2142 Aa
1315 2109 1328 2153 ΙΙ
1353 2111 1372 2142 9
1398 2107 1540 2143 labera-

281 2158 413 2192 verunt
437 2159 490 2190 Aa
520 2159 532 2202 ΙΙ
567 2161 609 2192 12
642 2167 807 2192 successo
833 2159 933 2189 B--P
963 2156 975 2200 ss
1008 2159 1049 2190 15
1076 2156 1187 2200 atque
1211 2165 1276 2190 om.
1303 2157 1329 2188 B
1360 2155 1373 2199 ΙΙ
1402 2153 1544 2189 diffurit

282 2205 334 2237 Aa
364 2203 376 2248 ΙΙ
404 2206 447 2237 16
472 2201 570 2250 (ac)
594 2203 652 2239 Fr
681 2204 694 2248 ΙΙ
723 2202 895 2249 pestilem
921 2205 1009 2236 AaB
1033 2203 1046 2247 fl
1072 2205 1114 2236 17
1139 2211 1313 2247 responso
1339 2201 1459 2245 31128
1484 2199 1542 2235 illi

280 2249 475 2296 pecuniam
500 2252 526 2283 B
