1604 2488
516 121 944 159 DECLAMATIONES.
982 121 1115 157 CCCV.
1374 121 1460 163 195

173 234 414 288 aestimate,
440 232 616 286 iudices,
649 231 750 287 quid
775 231 1014 285 timuerint,
1045 230 1119 286 qui
1143 230 1226 273 hoc
1252 230 1460 272 fecerunt.

171 293 366 350 quamvis
396 295 553 346 autem,
586 291 761 345 iudices,
793 290 958 333 adicere
988 289 1198 332 invidiam
1224 289 1459 332 sceleribus

170 366 376 396 numerus
409 351 563 406 soleat,
593 365 675 393 nos
707 352 856 392 tamen
888 349 1208 405 confitebimur,
1245 349 1360 392 inter
1393 363 1459 391 so-

171 412 280 455 latia
318 411 479 455 doloris
511 410 653 453 nostri
685 423 778 451 esse
809 408 1143 463 numerandum,
1182 409 1296 464 quod
1330 409 1459 450 ambo

170 472 405 527 perierunt.
469 470 530 512 sic
562 469 744 511 miseros
778 469 1007 523 commisit,
1038 471 1089 510 ut
1122 468 1159 510 si
1190 483 1301 510 unus
1333 468 1458 510 vicis·
1486 479 1506 511 5

173 533 251 586 set,
281 535 385 586 post
417 529 759 586 quinquennium
783 527 923 570 redire
948 543 1037 571 non
1061 530 1221 582 posset.
1262 528 1353 570 sive
1380 528 1458 583 igi-

171 593 244 633 tux
277 592 476 633 constare
507 588 646 643 vobis,
686 588 860 643 iudices,
891 587 1020 630 debet
1050 587 1180 630 ultio:
1217 587 1338 630 nulla
1360 601 1459 628 um-

170 664 300 706 quam
340 664 410 691 res
450 648 510 690 sic
546 650 698 690 ‘contra
730 647 849 702 leges
882 647 1128 703 excogitata
1160 650 1237 701 est,
1270 646 1459 702 <quam>

170 711 220 751 ut
243 710 360 751 intra
384 708 492 750 fines
523 706 838 762 deprehensum
859 706 1090 760 (exulem)
1111 706 1212 748 exul
1232 705 1459 759 occideret,

171 768 263 811 sive
294 766 564 811 crudelitatis
594 766 767 821 exigere
793 765 991 818 debe[a]t
1014 780 1201 820 poenam
1225 768 1372 807 vestra
1397 764 1459 806 iu-
1488 777 1530 808 10

171 827 310 870 stitia:
341 841 430 869 non
462 825 569 868 satis
601 825 770 879 habuit,
803 825 917 880 quod
944 824 1149 867 adversus
1175 825 1362 866 miseros
1388 824 1459 866 lex

170 886 283 928 irata
321 885 647 940 conscripserat.
717 886 878 939 quanto
917 885 1033 926 enim
1067 884 1243 940 gravius
1275 883 1459 925 tulerint

171 945 453 1001 supplicium,
502 958 631 999 quam
683 946 947 998 meruerant,
996 943 1066 985 vel
1111 943 1172 986 sic
1217 943 1458 985 aestimate.

169 1004 252 1047 hoc
282 1004 482 1046 inimicus
516 1002 666 1059 elegit,
700 1005 743 1044 et
773 1003 973 1045 inimicus
1006 1003 1269 1058 pauperibus
1300 1002 1457 1044 iratus:

169 1063 277 1106 haec
316 1063 430 1105 enim
469 1062 570 1105 odia
603 1062 815 1104 altissime
848 1061 1020 1117 sedent,
1058 1076 1154 1104 cum
1187 1061 1343 1117 aliquis
1374 1061 1457 1116 his,
1486 1073 1527 1104 15

170 1137 278 1178 quos
303 1122 581 1177 contempsit,
613 1121 826 1163 irascitur.
874 1122 1149 1164 innocentiae
1174 1121 1333 1163 fiducia
1359 1135 1457 1163 con-

167 1185 238 1224 tra
275 1196 378 1236 opes
416 1182 543 1223 istius
584 1183 814 1235 steterant,
853 1195 940 1222 non
971 1183 1122 1223 tamen
1153 1180 1289 1222 futuri
1320 1194 1459 1235 pares,

172 1240 257 1282 nisi
288 1240 371 1282 duo
402 1239 600 1282 fuissent.
663 1242 816 1282 contra
847 1240 1038 1294 gratiam
1071 1242 1349 1281 armaverunt
1380 1239 1459 1280 mi-

174 1299 450 1342 sericordiam
484 1299 569 1353 sui,
606 1299 742 1341 donec
781 1299 910 1341 ambo
949 1299 996 1341 in
1026 1299 1270 1354 periculum
1302 1298 1456 1354 capitis

170 1358 354 1401 adducti.
392 1360 527 1400 testes
554 1358 668 1399 enim
695 1372 783 1399 non
809 1358 1050 1412 defuerunt.
1083 1360 1294 1413 quantum
1320 1360 1457 1400 tamen
1484 1369 1529 1400 20

169 1417 308 1459 valuit
334 1417 600 1459 innocentia!
627 1417 824 1458 constitit
849 1418 963 1459 inter
984 1431 1132 1459 omnes
1152 1432 1242 1459 non
1262 1417 1458 1472 potuisse

169 1476 278 1518 illud
320 1476 407 1518 nisi
453 1476 508 1517 ab
547 1475 879 1531 inprudentibus
918 1476 1024 1518 fieri.
1085 1476 1340 1518 incredibile
1379 1479 1457 1531 est,

169 1535 351 1590 iudices,
389 1537 552 1590 quanto
592 1534 810 1577 difficilius
841 1535 1001 1578 finibus
1036 1539 1228 1590 careant,
1267 1535 1339 1590 qui
1372 1535 1456 1576 exi—

167 1595 276 1637 lium
319 1609 410 1636 non
451 1596 713 1636 meruerunt.
775 1595 1151 1649 amplectebantur
1194 1595 1340 1636 miseri
1382 1595 1455 1650 pio

167 1654 287 1696 furto
315 1655 555 1696 extremum
581 1654 750 1708 patriae
777 1654 931 1708 solum,
956 1668 1044 1696 non
1071 1669 1139 1697 me
1159 1654 1333 1696 hercule
1354 1655 1455 1710 scio,
1483 1665 1526 1696 25

169 1727 225 1755 an
257 1713 439 1755 alieuius
471 1712 640 1755 insidiis
673 1712 883 1767 perducti,
916 1728 971 1756 an
993 1713 1140 1769 aliqua
1164 1713 1455 1756 humanitatis

167 1765 279 1815 facie
298 1772 479 1827 inpulsi:
503 1771 617 1814 nihil
642 1772 827 1827 probare
846 1787 1046 1828 possum:
1074 1773 1202 1815 ambo
1223 1773 1456 1828 perierunt.

168 1831 206 1874 si
230 1834 378 1874 tamen
402 1831 560 1873 intueri
587 1831 709 1885 <rei>
729 1833 934 1874 naturam
961 1832 1201 1887 volueritis,
1228 1833 1456 1887 apparebit

165 1890 380 1946 profecto,
417 1905 506 1934 non
543 1905 645 1933 casu
684 1905 757 1933 eos
796 1891 841 1932 in
873 1906 971 1933 eum
1005 1892 1149 1934 locum
1180 1892 1455 1947 potissimum

165 1950 347 2004 venisse,
371 1950 418 1992 in
443 1964 527 2006 quo
556 1950 610 1992 ab
630 1949 806 1992 inimico
826 1950 1263 2005 deprehenderentur.
1306 1951 1454 2005 depre-
1482 1961 1526 1992 30

262 2034 283 2066 3
307 2031 503 2077 numerus]
530 2029 668 2065 nostris
694 2033 720 2063 P
739 2031 751 2075 ΙΙ
770 2034 791 2065 5
817 2030 972 2066 miseras
999 2034 1103 2065 B-P
1123 2033 1134 2077 ΙΙ
1154 2032 1326 2067 commi
1354 2034 1384 2066 A
1403 2033 1415 2077 ΙΙ
1436 2037 1455 2068 6

163 2077 285 2124 possit
308 2081 335 2112 Β
354 2078 365 2122 ΙΙ
386 2082 406 2113 7
432 2077 538 2113 untio
564 2081 639 2120 Aa,
670 2076 796 2122 legum
823 2076 971 2124 ultio(⁴?)
998 2078 1056 2113 Ro
1076 2079 1088 2123 ΙΙ
1108 2083 1128 2114 8
1156 2079 1186 2114 si
1211 2082 1238 2113 Β
1258 2080 1270 2125 ΙΙ
1288 2078 1457 2127 (quam)

163 2125 252 2171 1201]
271 2129 292 2161 9
317 2123 521 2173 (exulem)
546 2126 622 2161 Aer
641 2126 652 2170 11
674 2128 718 2159 10
743 2124 880 2161 debeat
903 2128 950 2169 A,
986 2125 1149 2162 debebat
1172 2130 1216 2172 B,
1243 2137 1335 2163 corr.
1362 2126 1421 2162 Ro
1446 2127 1458 2174 ξΙ

165 2175 211 2207 14
234 2173 306 2208 hoc
331 2172 496 2208 minutus
522 2172 569 2208 el.
591 2175 618 2206 B
659 2173 670 2217 Η
703 2175 747 2207 16
773 2173 1039 2218 contempserit
1063 2177 1090 2207 P
1114 2174 1126 2219 ΙΙ
1154 2174 1383 2210 narratio
1410 2177 1456 2218 A;

163 2218 348 2255 irascitur.
373 2219 549 2256 Narratio
578 2220 705 2266 (rubro
725 2220 840 2256 colore
857 2222 1047 2266 scriptum)
1073 2220 1195 2259 innoc.
1214 2224 1242 2256 B
1260 2224 1274 2267 Ι]
1294 2225 1338 2257 18
1365 2221 1457 2257 duos

165 2268 229 2300 ΑΒ
249 2267 260 2311 ΙΙ
284 2271 330 2302 20
357 2267 456 2302 enim
481 2270 557 2310 AB,
584 2278 675 2303 corr.
691 2266 764 2310 Gr;
789 2268 915 2303 autem
941 2269 1017 2304 Aer
1036 2269 1047 2313 ΙΙ
1074 2272 1120 2304 24
1144 2281 1212 2315 pro
1237 2273 1264 2303 P
1283 2270 1294 2315 ΙΙ
1314 2273 1456 2305 25-26

167 2313 244 2348 scin
270 2314 316 2350 al.
342 2317 369 2348 B
389 2316 400 2359 11
421 2319 465 2350 28
491 2314 602 2362 <rei>
628 2314 686 2350 Ro

1169 2376 1240 2411 13*
