1604 2488
134 732 176 763 10

131 1021 172 1052 15

125 1311 169 1342 20

122 1601 166 1631 25

210 93 266 134 82
689 96 989 138 QUINTILIANI

206 201 251 241 in
275 201 483 242 ultionem
509 202 681 244 deorum
706 203 1009 246 immortalium
1037 207 1079 247 et
1104 207 1253 260 templi
1279 205 1345 262 (ut
1367 222 1466 262 pro-

205 258 299 311 prie
329 258 526 315 dixerim)
559 261 854 314 expiationem.

292 315 382 358 Nec
419 317 558 359 minus
595 319 868 360 manifestum
911 320 977 361 ius
1009 323 1090 374 est,
1133 335 1259 376 quam
1299 323 1467 378 integer

204 373 350 427 pudor.
392 375 460 416 lex
492 376 604 417 enim
634 377 779 430 palam
810 378 968 431 scripta
999 381 1074 429 est,
1104 381 1153 420 ut
1182 379 1264 434 »is‚
1295 381 1380 435 qui
1410 381 1463 422 in

206 432 399 486 templo
450 433 681 475 iniuriam
729 435 928 489 fecerit,
977 435 1143 478 decem
1190 438 1333 480 milia
1380 439 1468 480 det

206 489 447 532 civitati«
489 491 595 533 mihi
625 492 706 534 hoc
737 493 842 534 satis
874 497 950 546 est,
981 494 1053 548 qui
1078 494 1266 537 civitatis
1291 497 1463 538 nomine

203 547 340 602 litigo.
399 548 471 590 sed
504 552 640 591 totam
672 551 810 605 legem
841 566 866 592 a
895 551 1020 592 nobis
1051 566 1150 606 pars
1181 553 1346 596 diversa
1376 554 1463 609 legi

203 605 423 648 desiderat.
484 607 673 649 »decem
710 609 869 662 milia,
911 609 1068 663 inquit,
1111 610 1229 664 ipsi,
1271 612 1355 666 qui
1385 612 1461 653 in-

202 663 383 705 iuriam
416 666 689 719 acceperit,
722 667 888 708 decem
920 667 1172 709 civitati«
1208 671 1250 710 et
1278 669 1358 711 hoc
1391 684 1462 711 ex-

203 721 370 763 cludere
400 724 583 776 temptat
614 724 847 778 civitatem,
879 725 990 779 quod
1022 725 1128 780 ipse,
1160 726 1232 780 qui
1261 727 1461 769 iniuriam

202 780 422 834 acceperit,
451 795 537 822 non
557 781 712 823 habeat
731 783 952 824 actionem.
997 797 1096 825 sane
1129 785 1459 828 contumeliosus

200 839 243 878 et
281 851 359 891 pro
398 841 538 880 cetera
575 854 740 881 morum
778 855 950 882 suorum
986 842 1225 896 petulantia
1260 842 1461 885 adversus

199 895 499 949 magistratum
518 900 705 939 vestrum
720 898 867 952 audax,
886 899 958 952 qui
971 900 1261 952 praescribere
1274 902 1460 955 temptet

199 953 374 1004 civitati,
406 957 624 1008 tamquam
655 956 979 1010 ignominiosae.
1029 956 1183 1011 Facile,
1214 961 1263 1000 ut
1293 959 1459 1013 opinor,

199 1011 429 1063 constabit,
477 1012 585 1054 nihil
634 1013 687 1054 ad
738 1017 932 1055 nostram
981 1015 1192 1056 actionem
1235 1016 1459 1070 pertinere,

197 1083 323 1123 quam
361 1069 499 1124 legem
530 1070 686 1112 habeat
716 1071 824 1126 ipse,
855 1073 925 1126 qui
960 1073 1155 1126 pulsatus
1187 1073 1253 1114 sit.
1314 1074 1459 1115 existi-

195 1140 358 1168 memus
402 1128 529 1182 enim‚
573 1143 664 1170 esse
703 1130 886 1183 aliquem
922 1144 1007 1171 non
1047 1130 1379 1185 ignominiosum
1409 1131 1455 1172 in

195 1185 356 1238 templo
399 1186 633 1241 pulsatum,
660 1187 755 1228 ’sed
798 1188 865 1228 vel
909 1187 1072 1229 dedisse
1114 1188 1240 1230 huius
1279 1189 1457 1230 iniuriae

195 1243 374 1293 veniam,
405 1244 471 1284 vel
503 1244 586 1286 alio
614 1244 754 1299 aliquo
780 1244 1081 1298 impedimento
1103 1259 1229 1300 agere
1247 1247 1455 1288 noluisse:

194 1314 296 1341 num
326 1301 421 1342 ideo
452 1315 505 1343 ne
537 1302 687 1344 civitas
720 1302 890 1358 quidem
921 1303 986 1344 ius
1020 1317 1143 1345 suum
1172 1304 1374 1359 tuebitur,
1407 1307 1456 1346 ut

196 1358 340 1400 omnia
370 1359 526 1413 inpune
558 1360 736 1402 fecerit?

281 1415 441 1458 Verum
478 1432 530 1459 ne
567 1419 657 1472 ipse
695 1419 865 1473 quidem
902 1418 1168 1461 adversarius
1205 1422 1373 1461 tantum
1410 1420 1455 1461 in

194 1476 451 1528 exemptione
468 1476 645 1518 fiduciae
663 1476 811 1531 habet,
838 1479 1043 1531 quantum
1073 1477 1118 1518 in
1149 1477 1242 1531 ipsa
1271 1477 1452 1519 iniuriae

192 1531 555 1586 interpretatione.
592 1548 679 1575 non
710 1535 821 1575 enim
852 1534 1049 1576 iniuriam
1080 1535 1180 1576 dicit
1209 1549 1313 1590 esse,
1344 1534 1456 1589 quod

192 1589 523 1645 ignominiosum
559 1592 812 1645 pulsaverit,
855 1593 921 1634 cui
959 1593 1070 1634 actio
1107 1607 1193 1635 non
1225 1596 1301 1634 est.
1362 1606 1456 1648 ego,

191 1647 367 1700 iudices,
410 1649 642 1702 plurimum
673 1650 879 1691 interesse
911 1649 1126 1704 existimo,
1168 1653 1312 1692 utrum
1351 1650 1451 1704 quid

190 1705 330 1747 facere
349 1706 486 1756 liceat,
517 1721 571 1748 an
595 1707 808 1749 vindicare
833 1721 918 1749 non
944 1707 1080 1750 liceat.
1112 1721 1198 1749 non
1224 1708 1335 1749 enim
1355 1721 1451 1749 con-

190 1763 324 1817 tinuo,
357 1764 392 1805 si
423 1764 708 1818 ignominioso
741 1765 851 1807 actio
881 1779 968 1808 non
999 1765 1143 1820 datur,
1174 1765 1275 1807 licet
1305 1765 1452 1807 adver·

191 1836 261 1862 sus
293 1822 626 1877 ignominiosum
656 1823 805 1878 facere,
847 1823 959 1878 quod
992 1824 1167 1878 quisque
1197 1824 1311 1865 velit.
1365 1823 1452 1865 tale

281 1964 304 1994 4
327 1960 386 1995 his
411 1963 440 1993 A
459 1962 470 2005 ΙΙ
490 1963 511 1995 8
531 1950 574 1995 ἶ
593 1960 697 1995 milia
722 1963 763 2003 A,
789 1961 831 1994 X·
851 1959 955 1995 milia
979 1963 1005 1993 B
1025 1961 1036 2004 u
1054 1960 1176 2005 ipsum
1200 1962 1230 1993 A
1248 1961 1260 2004 ΙΙ
1278 1963 1299 1994 9
1324 1959 1450 2012 decem

189 2007 256 2041 civ.
284 2010 344 2042 etc.
366 2027 409 2032 —-
433 2011 486 2041 11.
513 2007 696 2051 acceperit
719 2017 782 2041 om.
797 2009 823 2039 B
843 2007 853 2050 ΙΙ
875 2011 917 2041 14
942 2006 1186 2051 ignominioso
1212 2009 1263 2040 Ab
1282 2006 1294 2050 ΙΙ
1315 2009 1356 2040 19
1382 2017 1449 2040 im-

187 2052 413 2098 pledimento
439 2056 468 2086 A
505 2054 516 2097 ΙΙ
552 2057 596 2087 20
621 2063 688 2087 nec
716 2052 783 2088 civ.
808 2055 834 2086 Β
872 2055 883 2098 ΙΙ
922 2056 1057 2087 19-20
1087 2052 1351 2097 impedimento
1375 2061 1449 2086 non

187 2100 266 2134 iure
292 2099 420 2134 civitas
444 2103 470 2133 P
489 2101 500 2144 ΙΙ
519 2103 562 2134 22
587 2110 633 2134 ne
658 2109 723 2134 om.
751 2103 776 2132 P
795 2100 806 2145 ΙΙ
825 2103 868 2134 23
895 2098 1062 2143 exemplo
1086 2101 1162 2142 AB,
1189 2108 1277 2133 corr.
1302 2097 1360 2132 Ro
1378 2097 1447 2151 stii-

188 2144 316 2180 duciae
341 2145 479 2180 habeat
502 2149 555 2179 Aa
573 2147 583 2191 [Ι
601 2145 640 2180 in
664 2156 730 2180 om.
756 2148 783 2178 B
803 2147 878 2190 1124
902 2157 968 2181 nos
993 2147 1067 2187 AB,
1094 2155 1183 2180 corr.
1209 2145 1284 2179 Aer
1307 2146 1319 2189 ΙΙ
1337 2144 1447 2196 *dici-

186 2203 268 2226 mus
294 2202 372 2226 esse
398 2195 472 2235 AB,
499 2192 693 2227 dicendam
720 2203 796 2226 esse
821 2192 879 2227 Ro
902 2193 914 2236 ΙΙ
938 2195 983 2226 25
1007 2190 1223 2226 iniuriosum
1247 2193 1274 2223 Β
1298 2191 1311 2234 ΙΙ
1335 2193 1380 2224 27
1404 2190 1448 2224 11-

189 2238 272 2273 ceat
294 2241 347 2272 Aa
364 2239 377 2283 ll
396 2242 439 2272 29
464 2239 584 2273 facere
609 2249 674 2273 om.
700 2241 726 2271 Β
