1560 2462
209 94 327 129 XVIII
695 92 977 128 PRAEFATIO.

209 193 446 242 descriptum
477 205 573 231 esse.
623 191 742 230 Cuius
773 191 897 240 ipsius
928 190 1011 228 fata
1039 191 1149 228 ultra
1178 191 1360 240 persequi
1389 203 1468 229 non

210 268 430 306 possumus.

298 321 426 358 Minus
459 321 566 358 certa
597 320 645 357 de
675 318 875 358 veteribus
901 317 1098 356 codicibus
1123 317 1350 356 testimonia
1373 318 1468 356 haee

209 384 414 422 accedunt:
447 383 602 421 Ulricus
628 381 829 420 Fabricius
858 375 1186 432 (1489—1526)
1211 380 1253 418 in
1275 381 1467 419 librorum

212 460 371 485 suorum
395 447 562 484 tabellas
593 447 785 484 retulerat
815 446 996 494 „centum
1021 443 1254 489 Quintiliani
1278 444 1468 482 declama-

207 508 372 558 tiones“‚
395 523 494 559 quae
520 512 653 548 tamen
676 511 766 558 post
789 511 957 546 mortem
982 508 1065 546 eius
1086 520 1110 545 a
1127 507 1467 556 perscrutantibus

209 575 486 613 bibliothecam
518 585 595 612 non
619 575 799 622 repertae
826 574 928 621 sunt,
953 573 999 609 ut
1029 573 1166 610 auctor
1192 573 1254 610 est
1283 571 1467 625 ‹Justinus

209 638 372 687 Gobler,
409 638 477 687 qui
512 649 738 686 processum
774 636 882 674 illius
921 635 996 674 viri
1033 632 1281 673 iudiciarium
1318 635 1467 684 primus

209 702 412 751 evulgavit
444 696 563 753 (anno
599 695 798 752 1541).*)

323 771 423 808 Tum
454 771 480 807 J
483 783 504 808 o
535 770 628 808 Alb.
661 769 863 807 Fabricius
900 770 941 806 in
972 768 1208 806 bibliotheca
1240 768 1384 806 Latina
1415 767 1467 805 ΙΙ.

207 847 244 883 p.
277 835 357 872 321
398 828 598 885 (editionis
631 832 722 870 anni
750 827 881 884 1773)
914 833 1010 870 haec
1049 831 1180 880 prodit
1216 831 1359 880 „etiam
1397 830 1467 876 Qu.

208 898 355 935 Marius
383 896 579 935 Corradus
605 896 672 935 lib.
690 895 720 934 Ι.
747 895 859 944 epist.
894 897 930 933 9.
956 894 1185 940 Quintiliani
1220 894 1468 934 declamatio-

208 973 276 999 nes
306 962 385 999 136
419 972 655 1008 memorans,
702 971 798 1008 quas
837 971 907 996 sua
937 970 1054 996 manu
1085 958 1345 1007 descripserat
1375 959 1415 996 et
1443 970 1467 995 a

210 1037 251 1062 se
283 1024 509 1061 emendatas
546 1035 570 1060 a
600 1022 775 1071 Gryphio
806 1022 966 1060 volebat
997 1021 1131 1059 excudi
1163 1051 1170 1059 .
1203 1049 1212 1058 .
1244 1051 1252 1059 .
1303 1021 1468 1059 Praeter

208 1087 423 1136 principem
454 1089 587 1125 autem
624 1086 834 1124 editionem
872 1085 1126 1123 Parmensem
1162 1097 1278 1122 usum
1309 1096 1350 1122 se
1382 1096 1468 1122 esse

211 1153 383 1189 testatur
414 1150 565 1188 duobus
598 1149 793 1188 codicibus
825 1160 916 1186 mss,
949 1149 1016 1187 lib.
1046 1148 1067 1185 Ι
1098 1148 1208 1196 epist.
1236 1147 1324 1186 11,“
1368 1147 1469 1192 Quo-

208 1227 295 1251 rum
343 1215 452 1263 prior
498 1226 588 1262 pars
638 1216 751 1252 extra
794 1212 1098 1251 controversiam
1142 1213 1218 1258 est,
1268 1212 1336 1249 sed
1378 1211 1467 1260 plus

209 1290 326 1326 quam
357 1277 519 1314 dubium
549 1277 662 1325 mihi,
701 1289 795 1314 num
826 1278 932 1315 recte
961 1276 1242 1324 interpretatus
1274 1275 1339 1323 sit,
1369 1287 1468 1323 quae

210 1339 405 1379 Corradus
449 1340 543 1378 dicit
580 1339 627 1377 de
664 1340 838 1378 fontibus
882 1339 974 1377 suis.
1044 1339 1217 1387 Excerpe
1262 1338 1469 1387 epistolam

210 1401 415 1456 (scriptam
445 1404 608 1452 Romae,
641 1404 777 1441 eodem
814 1405 860 1440 ut
897 1403 1053 1441 videtur
1083 1414 1206 1449 anno,
1244 1413 1319 1451 quo
1355 1414 1468 1451 nona,
1530 1407 1533 1409 “

213 1464 344 1518 1547)
376 1469 415 1504 et
445 1467 573 1515 prima
603 1467 686 1504 eius
717 1467 838 1504 verba
868 1466 1031 1514 adpone.
1082 1465 1341 1515 „Sebastiano
1370 1463 1469 1514 Gry-

207 1531 317 1580 phio,
355 1530 604 1579 Lugdunum.
665 1530 978 1568 Declamationes
1010 1529 1059 1566 ad
1097 1530 1137 1566 te
1174 1529 1280 1576 misi,
1314 1531 1469 1567 tantum

209 1589 273 1646 (ut
310 1589 440 1643 spero)
477 1605 553 1630 non
589 1593 864 1630 mendosiores.
914 1593 1040 1629 Erant
1077 1592 1179 1629 enim
1223 1592 1469 1640 scriptura

209 1657 365 1695 omnino
397 1656 877 1695 contaminatissima.
939 1654 1130 1692 Adhibita
1167 1657 1227 1692 est
1266 1667 1289 1692 a
1319 1667 1381 1693 me
1412 1655 1468 1692 di-

209 1720 392 1769 ligentia,
428 1720 575 1769 quanta
605 1720 775 1757 maxima
805 1719 953 1767 potuit:
990 1719 1057 1756 sed
1098 1719 1243 1756 Romae
1281 1718 1468 1767 antiqui

208 1784 324 1822 libri
360 1796 448 1822 non
485 1785 639 1832 erant,
678 1783 819 1831 quibus
857 1795 903 1820 ea
927 1782 966 1819 in
998 1794 1040 1819 re
1072 1782 1130 1819 uti
1160 1794 1315 1830 possem
1345 1793 1390 1820 ac
1419 1794 1467 1819 ne

208 1847 301 1886 novi
319 1847 487 1896 quidem,
510 1849 667 1895 praeter
688 1858 819 1893 unum,
846 1846 913 1894 qui
932 1858 1052 1894 puero
1077 1845 1173 1883 mihi
1191 1845 1358 1894 Neapoli
1383 1846 1469 1884 erat

209 1911 373 1959 missus3
415 1913 456 1948 et
491 1910 660 1947 alterum
687 1939 694 1948 .
722 1938 731 1947 .
757 1939 766 1949 .
814 1909 887 1946 Hic
918 1912 980 1947 est
1002 1938 1012 1947 .
1040 1939 1048 1948 .
1085 1909 1340 1958 impressione
1376 1908 1468 1946 Par-

302 1998 337 2042 *)
364 1997 486 2032 Verba
510 1997 547 2031 in
573 1997 731 2041 epistola
756 1996 910 2031 editioni
938 1995 1140 2041 praemissa
1152 1996 1250 2030 -haec
1276 1995 1379 2030 sunt:
1406 1995 1467 2038 „in

215 2044 348 2079 ultima
372 2044 438 2079 illa
462 2044 508 2078 ad
528 2042 719 2078 Caesarem
741 2042 923 2087 (Carolum
951 2044 1013 2084 sc.)
1034 2043 1072 2076 in
1092 2042 1310 2086 Hispaniam
1327 2043 1468 2086 profec-

213 2091 326 2134 tione,
345 2089 384 2124 in
403 2100 475 2134 qua
493 2089 676 2133 occubuit,
697 2089 876 2133 quosdam
897 2089 1054 2131 (codices
1069 2090 1131 2132 sc.)
1153 2098 1276 2122 secum
1295 2087 1470 2122 extulisse

218 2139 283 2171 aut
307 2136 448 2180 alioqui
474 2136 637 2170 sublatos
662 2146 741 2170 esse
765 2134 963 2170 verisimile
989 2135 1056 2177 est,
1081 2145 1171 2178 quoe
1195 2135 1271 2168 iam
1293 2133 1430 2168 frustra
1448 2143 1468 2167 e

215 2194 279 2218 suo
307 2182 550 2227 chirographo
576 2182 840 2217 desideramus:
872 2183 915 2216 ut
939 2183 1023 2215 sunt
1047 2179 1144 2216 inter
1169 2182 1290 2215 cetera
1310 2206 1318 2214 .
1335 2207 1365 2216 ..
1386 2190 1467 2214 ecn—

216 2231 296 2264 tum
322 2228 608 2264 declamationes
633 2227 739 2263 Fabii
764 2227 979 2269 Quintiliani
1000 2255 1007 2262 .
1029 2253 1037 2260 .
1058 2229 1090 2261 .“
