1586 2476
220 98 240 139 1
250 99 275 140 8
698 101 999 144 QUINTILIANI

220 219 318 261 gem
348 207 644 249 tantummodo
675 208 881 263 inspexit,
911 223 999 251 non
1031 210 1158 252 etiam
1190 211 1368 254 crimina
1399 227 1476 255 sua

216 265 470 319 numeravit,
500 265 607 306 nihil
638 266 915 308 verecundiae
948 281 1048 309 suae
1073 268 1236 324 adiecit,
1264 269 1374 311 nihil
1398 285 1475 326 pu-

219 321 324 363 dori.
369 322 463 377 quis
491 325 633 364 autem
657 324 869 378 indignari
894 327 1039 378 potest
1063 339 1158 367 eum
1189 326 1473 383 interfectum,

217 380 289 434 qui
322 379 522 422 occiderit
554 381 687 423 duos?
727 396 828 424 nam
853 383 888 424 si
913 383 1004 424 ulla
1026 383 1107 426 hoc
1131 384 1226 427 Ioco
1250 385 1474 428 miseratio

169 447 189 479 5
216 440 299 492 est,
330 438 456 480 debet
486 453 577 480 esse
608 454 686 493 pro
717 440 815 482 illis.

301 495 420 538 Haec
443 495 624 539 dicerem
649 499 868 552 tamquam
895 498 945 540 de
970 513 1031 553 eo,
1060 499 1113 541 ad
1137 513 1262 556 quem
1286 501 1355 543 lex
1378 516 1473 557 per-

213 554 387 608 tineret,
438 569 544 608 quae
588 555 757 597 caedem
793 556 1089 611 inprudentem
1127 557 1362 601 damnaret:
1404 559 1472 601 lex

214 612 428 666 quomodo
461 613 712 654 constituit?
772 614 1102 668 Inprudentis
1141 616 1307 658 caedis
1339 617 1474 659 dam-

212 672 364 711 natus
398 670 742 725 quinquennio
775 673 956 714 exulet.
1005 672 1127 714 Nihil
1156 688 1252 716 mea
1281 675 1471 729 interest,

145 737 187 769 10
214 741 267 769 an
298 728 529 782 inprudens
562 729 773 772 occiderit.
821 745 907 772 non
939 731 1050 772 enim
1081 732 1147 773 ius
1178 733 1239 774 ita
1269 733 1472 774 constitu-

211 787 303 827 tum
342 788 423 839 est,
464 789 513 827 ut
548 787 620 841 qui
658 787 887 841 inprudens
919 788 1139 844 occiderit,
1182 789 1469 844 quinquennio

213 843 373 884 exulet:
401 843 667 899 sed<ut>qui
693 846 833 888 caedis
859 846 1084 888 damnatus
1109 847 1374 901 inprudentis
1401 849 1469 903 sit,

212 902 500 956 quinquennio
550 903 703 945 exulet.
781 903 999 946 hominem
1049 905 1202 947 occidit
1250 905 1294 947 in
1343 906 1472 948 exilio

210 959 394 1001 fortasse
437 960 687 1014 inprudens:
737 962 939 1003 constitui
980 965 1126 1004 tamen
1157 963 1368 1018 oportuit,
1412 964 1467 1005 ab

142 1026 184 1058 15
211 1017 463 1072 inprudente
495 1032 586 1060 esse
618 1019 814 1061 occisum.
862 1034 962 1061 nam
994 1021 1190 1074 quotiens
1223 1021 1374 1076 aliquis
1405 1021 1469 1063 in-

207 1075 409 1117 terfectus
430 1078 512 1130 est,
538 1078 612 1118 aut
630 1077 673 1118 id
693 1078 926 1131 quaeritur,
952 1092 1007 1120 an
1026 1079 1199 1120 omnino
1219 1079 1467 1121 interfectus

209 1133 265 1174 sit
296 1134 349 1175 ab
383 1148 449 1188 eo,
481 1134 553 1188 qui
585 1135 796 1189 arguitur,
834 1138 907 1177 aut
937 1135 998 1190 id,
1035 1151 1089 1178 an
1121 1137 1173 1178 ab
1205 1136 1469 1192 inprudente,

207 1193 282 1232 aut
310 1206 386 1245 per
415 1192 713 1246 inprudentem
746 1193 803 1235 sit
832 1194 1091 1236 interfectus.
1138 1194 1209 1236 hic
1238 1193 1467 1249 quid<em>

208 1251 370 1290 certum
410 1252 502 1291 erat
539 1250 621 1303 <ab
658 1251 763 1304 illo>
802 1251 889 1292 inte
933 1254 1071 1293 ectum
1111 1266 1202 1293 esse
1240 1252 1467 1307 hominem,

136 1315 180 1347 20
208 1307 279 1348 sed
299 1307 352 1348 ab
379 1307 633 1362 inprudente
658 1309 910 1361 interfectum
935 1324 1025 1351 esse
1050 1310 1318 1364 pronuntiari
1343 1325 1466 1364 opor-

205 1365 298 1406 tuit.
341 1365 441 1407 Non
473 1366 598 1407 modo
625 1366 808 1408 alterum
835 1367 1169 1422 quinquennium
1196 1367 1342 1410 debuit
1366 1369 1468 1423 legi,

205 1423 278 1464 sed
308 1426 559 1478 perpetuam
593 1426 761 1478 [paene]
792 1439 988 1480 poenam.
1027 1425 1291 1480 inprudentis
1323 1426 1463 1468 caedis

205 1481 396 1522 damnari
428 1494 560 1536 genus
594 1482 876 1524 absolutionis
909 1485 985 1525 est.
1044 1483 1126 1526 hoc
1155 1483 1221 1525 illi
1250 1498 1338 1526 non
1368 1498 1465 1526 con—

203 1538 314 1592 tigit.
375 1540 641 1581 remittamus
679 1542 822 1581 tamen
860 1541 905 1582 in
941 1541 1184 1594 praesentia
1213 1544 1463 1596 perpetuam

135 1605 178 1637 25
204 1610 398 1650 poenam.
459 1597 509 1638 de
548 1597 623 1638 illo
665 1598 758 1651 quis
800 1598 1032 1652 dubitabit,
1074 1613 1160 1640 non
1199 1614 1326 1654 posse
1368 1613 1464 1642 eum

204 1654 407 1707 damnari,
437 1654 521 1696 nisi
546 1657 644 1708 post
669 1658 860 1697 exactam
885 1656 970 1697 iam
998 1657 1275 1711 quinquennii
1301 1659 1464 1712 proprii

201 1713 415 1766 poenam?
466 1713 676 1768 fingamus
708 1713 771 1754 illi
803 1714 1088 1768 quinquennio
1120 1717 1295 1769 peracto
1326 1715 1463 1756 redire

200 1770 386 1812 licuisse:
425 1772 614 1813 accusari
646 1773 739 1812 tum
771 1771 971 1826 debebat,
1010 1775 1102 1814 tum
1136 1772 1344 1827 damnari,
1375 1776 1462 1815 tum

202 1829 247 1869 in
279 1829 460 1870 alterum
493 1829 826 1883 quinquennium
859 1830 984 1872 abire.

132 1897 177 1928 30
290 1886 360 1940 Et,
391 1901 510 1942 rogo,
542 1887 642 1941 quid
672 1888 851 1929 interest
881 1888 993 1929 idem
1023 1888 1137 1930 istud
1163 1902 1245 1944 quo
1269 1890 1462 1944 tempore

296 2015 315 2047 6
340 2012 455 2048 habet
480 2013 637 2048 dicerem
663 2015 715 2047 Aa
751 2015 762 2058 ΙΙ
803 2017 844 2048 10
870 2012 1013 2048 iustitia
1037 2015 1151 2049 const.
1175 2017 1222 2058 A,
1259 2024 1348 2050 corr.
1377 2013 1462 2057 Obr,

198 2059 276 2094 iure
301 2059 356 2093 ita
382 2061 496 2095 const.
523 2059 576 2094 Gr
595 2061 605 2105 Η
627 2063 667 2094 12
693 2059 788 2107 (ut)
813 2060 870 2094 Ro
889 2061 900 2105 ΙΙ
921 2063 963 2094 18
988 2071 1053 2104 per
1077 2060 1361 2104 imprudentiam
1386 2060 1434 2095 Pa·
1450 2061 1461 2106 ΙΙ

202 2109 244 2140 19
271 2104 474 2158 quid<em>
499 2106 547 2140 Pi
571 2107 581 2150 Ι]
606 2105 679 2153 <ab
705 2107 770 2140 illo
822 2106 879 2141 Ro
898 2107 909 2150 Η
930 2109 1066 2142 18—20
1092 2108 1157 2141 aut
1179 2117 1244 2152 per
1267 2105 1291 2142 i.
1319 2118 1345 2141 s.
1371 2106 1395 2141 i.
1423 2107 1458 2142 h.

200 2163 232 2196 q.
260 2163 289 2187 c.
317 2163 347 2187 e.
373 2163 395 2187 1.
423 2163 453 2187 e.
479 2153 515 2187 h.
542 2163 568 2186 s.
595 2164 626 2188 a.
652 2152 760 2197 inpru
789 2155 872 2188 ente
898 2163 962 2189 om.
988 2155 1040 2186 Aa
1059 2154 1070 2198 Η
1089 2157 1133 2188 20
1157 2151 1241 2188 *ιτὰ
1265 2153 1311 2189 ἓῖ
1338 2155 1367 2187 A
1385 2154 1396 2197 ΙΙ
1416 2157 1459 2188 22

200 2199 350 2245 [paene]
377 2198 435 2234 Ro
458 2200 470 2244 ΙΙ
496 2203 539 2234 26
566 2201 710 2235 exatam
734 2202 786 2233 Aa
811 2202 822 2245 ΙΙ
851 2202 893 2234 28
918 2207 1003 2235 cum
1027 2202 1068 2244 A,
1094 2210 1184 2236 corr.
1210 2199 1267 2235 Ro
1291 2201 1302 2246 u
1327 2203 1370 2235 29
1397 2199 1459 2234 ab-

198 2246 289 2280 isset
313 2248 352 2288 A,
380 2255 468 2281 corr.
496 2246 572 2289 Ro;
598 2257 647 2282 cm
671 2246 734 2281 *ut
758 2246 797 2280 in
822 2258 853 2283 a.
881 2257 910 2282 e.
937 2246 1054 2283 abiret
1078 2246 1126 2291 (.9)
