1604 2488
172 744 214 775 10

170 1035 213 1078 15

170 1324 214 1355 20

170 1614 213 1646 25

167 1905 211 1936 30

244 105 297 147 31
304 106 328 147 8
724 105 1025 148 QUINTILIANI

242 225 401 266 poenas
439 212 649 267 effugisse.
708 212 802 254 ideo
841 226 919 268 ego
956 212 1065 255 hanc
1104 214 1237 257 vitam
1267 215 1368 259 olim
1398 217 1504 259 invi-

244 284 335 312 sam
367 272 457 311 tam
489 269 561 311 diu
592 269 691 324 tuli,
728 271 859 312 donec
891 270 1004 313 filius
1036 286 1153 315 meus
1185 277 1418 329 sanaretur,
1447 289 1503 317 ne

242 327 407 369 viderer
440 327 585 382 aliqua
615 328 873 370 conscientia
905 328 1013 370 mori
1043 329 1162 372 velle.

330 385 441 426 Mori
483 386 593 428 volo.
658 386 767 428 nihil
811 401 879 428 me
922 387 1184 430 commisisse
1225 389 1500 432 manifestum

244 446 321 486 est.
365 445 408 484 et
437 443 523 484 iam
555 444 660 486 satis
692 445 902 486 rationem
933 444 1078 487 videor
1102 445 1342 490 reddidisse.
1389 446 1503 490 Mori

242 502 340 543 volo
366 515 508 543 senex:
539 501 671 544 habet
698 517 795 544 suos
822 502 910 544 vita
935 502 1159 545 terminos:
1185 504 1285 546 dum
1309 506 1501 547 membra

243 559 472 614 sufficiunt,
502 559 601 601 dum
632 560 675 601 in
708 560 848 602 officio
879 560 990 603 vires
1023 563 1132 603 sunt.
1181 564 1500 617 quotamquam-

243 631 322 672 que
358 620 525 671 partem
562 618 700 659 habeo
738 618 949 660 viventis?
1004 632 1098 661 cum
1136 618 1271 661 adhue
1300 619 1500 662 haberem

242 689 436 729 uxorem,
475 676 749 718 matrimonio
781 676 943 717 inutilis
975 690 1110 729 eram;
1147 691 1224 719 nec
1254 677 1426 730 mirum,
1465 678 1502 720 si

241 747 364 787 quem
397 733 637 788 concupivit
667 734 894 775 iuniorem:
929 734 1118 776 occidere
1149 734 1386 778 adulterum
1415 750 1502 778 non

241 791 375 846 potui.
416 805 501 833 non
533 791 761 833 miraretur
791 807 858 834 me
889 792 997 834 mori
1029 792 1150 847 velle,
1181 793 1218 835 si
1247 793 1342 847 quis
1373 793 1502 836 vidis-

243 852 307 891 set
349 849 602 904 fugientem:
643 864 767 904 quam
805 850 924 891 tarde
961 850 1059 892 feci!
1093 850 1365 894 felicissimus
1401 851 1504 893 fuis·

243 922 343 962 sem,
369 907 404 949 si
429 922 495 949 me
520 908 708 950 latrones
734 907 996 950 occidissent.
1028 908 1204 951 Accedit
1227 908 1345 963 illud,
1366 909 1501 951 filium

239 965 395 1007 habeo:
433 966 542 1007 mori
572 966 688 1020 volo,
726 966 825 1008 dum
857 966 998 1008 salvus
1031 970 1114 1021 est,
1156 966 1255 1008 dum
1285 966 1409 1009 illum
1440 981 1501 1008 re-

239 1023 431 1078 linquere
475 1024 748 1078 superstitem
795 1038 978 1078 possum.
1038 1038 1172 1078 paene
1207 1024 1331 1066 illum
1366 1038 1502 1078 nuper

240 1082 373 1123 amisi.
420 1081 519 1135 quid
544 1082 734 1123 futurum
760 1084 863 1136 erat,
894 1082 929 1124 si
953 1096 1040 1124 non
1059 1082 1294 1136 potuissem
1320 1082 1500 1124 sanare?

238 1140 363 1191 bene,
395 1139 466 1193 dii,
498 1140 610 1194 quod
640 1141 730 1182 leve
762 1140 846 1181 fuit
877 1140 1048 1182 vulnus!
1111 1153 1197 1182 non
1228 1139 1390 1182 accidet
1419 1139 1501 1182 hoc

238 1197 344 1239 mihi
381 1197 545 1239 iterum.
619 1211 698 1252 ego
738 1198 842 1252 scio,
885 1198 931 1238 in
968 1197 1121 1251 quibus
1162 1197 1498 1252 cogitationibus

238 1255 403 1297 fuerim.
447 1256 484 1297 si
514 1255 559 1297 in
591 1256 727 1297 maius
758 1255 991 1309 periculum
1019 1255 1133 1296 filius
1159 1269 1276 1296 meus
1302 1255 1501 1309 venisset,

238 1328 324 1356 non
357 1315 646 1367 expectassem
677 1328 765 1368 vos,
799 1316 847 1354 ut
876 1314 1071 1368 perirem.
1130 1313 1317 1355 nondum
1349 1312 1399 1355 de
1430 1312 1500 1354 ad-

239 1373 372 1414 versis
415 1372 584 1426 loquor:
627 1371 732 1414 haec
774 1372 869 1426 ipsa
911 1369 979 1413 me
1023 1371 1075 1413 ad
1113 1373 1294 1413 mortem
1331 1370 1502 1423 ducunt,

239 1444 348 1484 quae
379 1444 429 1472 ex
460 1432 562 1472 voto
595 1430 880 1484 contigerunt.

326 1487 562 1530 Veniamus
598 1501 711 1530 nunc
742 1488 795 1529 ad
827 1487 1034 1542 querelas.
1094 1486 1247 1528 Infelix
1279 1501 1392 1530 sum:
1429 1500 1501 1542 pe-

238 1560 359 1602 regre
396 1546 608 1602 proficisci
660 1546 792 1587 volui:
835 1546 1022 1587 latrones
1067 1545 1212 1600 incidi3
1250 1544 1390 1586 vivere
1433 1557 1501 1587 me

239 1604 384 1646 miror.
450 1604 627 1646 accessit
664 1604 802 1646 dolor:
846 1619 871 1645 a
907 1604 996 1645 filio
1033 1617 1127 1645 meo
1166 1602 1357 1644 diductus
1395 1616 1501 1644 sum.

238 1677 324 1704 non
369 1676 522 1716 queror
563 1662 613 1703 de
657 1662 769 1716 ipso:
814 1662 950 1703 omnis
994 1661 1101 1702 mihi
1142 1661 1252 1702 ratio
1298 1660 1501 1702 adversus

238 1720 455 1762 fortunam
493 1722 568 1762 est,
641 1720 959 1760 intervenerunt
1001 1719 1206 1760 latrones:
1252 1732 1338 1759 non
1382 1717 1501 1759 stetit

238 1792 403 1820 mecum
434 1777 565 1832 filius,
602 1792 698 1819 cum
732 1791 810 1831 pro
841 1791 907 1818 me
938 1789 1191 1831 pugnarem3
1228 1775 1309 1817 feci
1340 1774 1500 1830 aliquid

239 1839 282 1878 et
322 1836 412 1890 ipse
457 1835 678 1878 scelerate:
727 1835 843 1876 solus
885 1849 1078 1876 reversus
1125 1848 1235 1888 sum,
1277 1836 1498 1888 tamquam

239 1894 389 1936 scirem
414 1893 548 1936 filium
577 1894 744 1935 salvum
770 1903 872 1934 esse.
902 1892 1100 1934 Insecuta
1123 1894 1187 1934 est
1206 1891 1290 1933 alia
1308 1891 1500 1933 fortuna:

238 1967 414 1995 uxorem
458 1952 694 1993 adulteram
730 1951 884 1993 inveni.
952 1949 1052 2005 quid
1096 1949 1282 1992 accidere
1325 1948 1500 2004 gravius

238 2011 338 2052 huic
371 2011 502 2052 aetati
531 2010 702 2066 potuit?
742 2010 857 2051 velut
889 2009 1146 2063 exprobrare
1177 2007 1282 2049 mihi
1313 2008 1404 2049 visa
1435 2008 1501 2048 est

332 2116 353 2148 8
378 2113 580 2148 iuventutis
605 2115 631 2146 B
651 2114 662 2157 {l
683 2115 725 2147 15
750 2123 899 2157 passum
925 2115 976 2146 Aa
994 2112 1005 2156 ΙΙ
1027 2115 1068 2146 17
1097 2110 1240 2146 occidet
1263 2112 1288 2143 B
1308 2110 1320 2153 ΙΙ
1345 2111 1387 2143 21
1415 2117 1499 2143 mea

236 2160 360 2204 Δ1124
385 2159 478 2207 <in>
502 2160 584 2195 latr.
611 2159 687 2194 edd.
707 2159 781 2203 1125
808 2159 985 2194 deductus
1010 2160 1098 2191 AaB
1118 2159 1129 2203 ΙΙ
1147 2161 1192 2192 26
1216 2154 1388 2203 <o>ratio
1412 2154 1476 2190 Bu
1489 2154 1501 2199 Η

238 2210 282 2242 28
308 2206 399 2241 fecit
422 2209 490 2239 AB
515 2207 528 2251 ΙΙ
550 2210 600 2241 (30
625 2205 752 2240 scirem
779 2208 848 2249 Aa,
874 2205 1002 2240 scirem
1029 2204 1117 2239 item
1143 2206 1168 2237 B
1188 2204 1199 2248 11
1219 2206 1260 2238 31
1287 2203 1329 2237 ut
1353 2213 1412 2236 ux.
1439 2200 1500 2236 ad.

237 2252 439 2288 invenirem
464 2254 582 2297 1³1132
609 2253 810 2296 exprobare
835 2255 861 2285 B
