1604 2488
171 723 215 754 10

172 1012 215 1044 15

172 1302 216 1334 20

175 1590 218 1622 25

243 87 265 128 1
273 85 326 126 76
721 87 1020 130 QUINTILIANI

241 192 348 234 biles
375 207 460 246 eos,
485 192 557 247 qui
577 195 778 246 paternae
798 193 1170 238 animadversionis
1188 198 1334 239 notam
1354 197 1497 252 depre-

241 253 403 304 cantur,
430 250 541 305 quod
565 251 801 304 periclitari
826 251 876 293 de
895 253 1147 305 praeteritae
1162 255 1266 296 vitae
1285 254 1496 310 dignitate

241 308 479 362 videantur,
504 308 554 349 de
579 323 663 362 qua
687 311 800 351 certe
826 310 1056 352 sollicitum
1082 325 1174 353 esse
1197 312 1331 355 filium
1355 327 1497 356 meum

241 365 490 407 incredibile
522 368 598 408 est.
655 367 907 421 quantulum
938 371 1004 410 est
1034 369 1159 424 enim,
1189 371 1301 424 quod
1331 371 1497 413 abdica-

241 425 310 464 tus
343 424 436 477 erit,
467 424 539 478 qui
569 424 655 466 iam
684 425 899 478 parasitus
925 426 1019 468 est?
1051 441 1174 481 quem
1200 441 1293 482 ego,
1322 428 1493 482 iudices,

239 483 329 523 tam
355 482 570 524 obstinate
588 496 676 523 non
700 484 938 537 praeceptis
965 483 1103 526 solum
1128 485 1244 539 meis,
1271 486 1345 528 sed
1366 487 1496 528 etiam

238 539 434 593 precibus
471 540 755 594 resistentem,
793 541 957 582 utinam
988 556 1154 596 possem
1185 543 1322 586 dicere
1353 547 1495 586 contu-

238 611 420 639 macem:
450 612 562 639 nunc
592 598 701 640 hanc
732 599 951 641 licentiam
984 601 1177 654 concepit
1202 601 1342 644 animo
1368 602 1497 644 servi-

239 655 356 696 tutis.
416 656 597 697 multum
636 656 748 697 enim
780 657 843 698 illi
873 655 942 711 (ut
971 672 1039 700 res
1071 658 1156 714 est)
1186 658 1363 701 fiduciae
1394 659 1496 702 facit

241 713 380 767 gratia
418 713 700 755 adulescentis
738 714 961 768 locupletis
999 718 1042 757 et
1078 715 1264 771 prodigi,
1304 717 1376 772 qui
1410 732 1498 760 non

241 771 382 824 aliter,
420 785 546 825 quam
582 772 619 813 si
656 771 706 812 de
743 773 916 826 proprio
954 775 1167 828 mancipio
1199 778 1414 830 ageretur,
1452 776 1499 816 in

239 828 320 870 hoc
351 829 462 870 vires
489 844 586 871 suas
613 830 809 871 ostendit.
852 830 998 872 infelix
1023 835 1066 874 et
1091 832 1180 874 ille:
1212 835 1302 874 tam
1326 835 1498 888 turpem

241 887 353 928 enim
385 887 520 929 filium
550 887 702 941 habeo,
731 891 780 930 ut
809 889 938 930 etiam
970 889 1052 943 ipsi
1077 890 1299 932 obiciatur.
1327 905 1404 933 nec
1430 905 1496 932 me

238 945 457 998 praeterit,
499 945 609 986 unde
651 945 755 988 haec
791 946 1049 1001 frequentia:
1097 951 1402 991 concurrerunt
1444 949 1496 990 ad

241 1003 491 1056 spectandos
530 1003 634 1044 duos
671 1003 872 1057 rusticos,
909 1007 952 1046 et
988 1006 1034 1046 id
1066 1005 1248 1047 forsitan
1282 1006 1358 1048 hoc
1403 1006 1498 1060 ipso

239 1060 462 1102 indicante.
522 1061 692 1114 merito,
730 1062 825 1113 si[c]
859 1062 938 1103 iste
969 1062 1146 1116 ridetur,
1188 1063 1306 1105 cuius
1343 1078 1500 1106 nomen

240 1118 434 1172 equidem
450 1132 527 1160 nec
552 1119 756 1173 intellego
781 1134 858 1161 nec
883 1121 1154 1174 interpretari
1178 1135 1364 1175 possum,
1388 1121 1499 1176 quod

240 1178 432 1217 vocatur:
457 1189 600 1217 verum
623 1177 766 1219 nescio
791 1177 892 1230 quid
916 1192 1008 1219 esse
1026 1179 1203 1232 turpius,
1229 1193 1356 1233 quam
1380 1180 1498 1220 luxu-

241 1233 350 1274 riam
380 1237 496 1288 puto.
537 1248 618 1288 quo
649 1235 787 1289 magis
819 1238 960 1276 autem
991 1235 1071 1278 hac
1110 1236 1200 1278 eius
1238 1234 1329 1278 vita
1353 1237 1499 1278 erube-

244 1305 369 1345 scam,
400 1291 504 1333 facit
534 1292 741 1334 memoria
764 1295 943 1335 nostrae.

329 1349 438 1391 Mihi
479 1365 551 1391 rus
594 1352 818 1404 paternum
855 1365 956 1405 erga
994 1351 1160 1393 labores
1199 1351 1501 1406 gratissimum,

241 1421 328 1448 non
357 1407 601 1462 frugalitati
630 1410 799 1450 tantum
829 1409 1115 1463 suffecturum,
1146 1409 1219 1451 sed
1251 1412 1294 1452 et
1318 1409 1500 1452 delecta-

241 1465 361 1519 tioni,
392 1465 429 1506 si
460 1465 677 1518 coleretur,
709 1467 815 1520 a<c>
848 1467 1029 1509 dominis
1060 1467 1236 1509 duobus.
1292 1467 1373 1509 hoc
1405 1482 1500 1510 cum

242 1523 273 1576 †
292 1523 361 1564 dio
400 1523 634 1564 evenissem
652 1525 683 1578 †
719 1538 772 1565 ne
807 1524 911 1566 haec
949 1525 1117 1579 quidem
1155 1525 1367 1567 ducendae
1401 1539 1501 1567 uxo-

243 1580 302 1621 ris
346 1582 388 1621 et
425 1581 736 1623 educandorum
772 1582 1003 1624 liberorum
1040 1597 1168 1625 onera
1203 1583 1412 1634 recusavi,
1452 1585 1500 1625 ut

242 1638 438 1680 relictum
475 1653 499 1680 a
536 1639 782 1692 parentibus
820 1640 924 1681 meis
963 1640 1245 1694 relinquerem
1274 1641 1363 1682 filio
1394 1654 1501 1682 meo.

244 1695 294 1737 de
320 1710 402 1750 quo
433 1697 524 1750 ipse
551 1710 637 1737 non
662 1699 835 1750 questus
862 1712 973 1750 sum3
1006 1712 1106 1739 nam
1131 1698 1353 1740 videbatur
1378 1698 1495 1740 labo-

337 1802 356 1832 2
378 1798 579 1842 praeterita
597 1802 638 1842 A,
663 1799 864 1844 praeterita
883 1801 920 1834 te
939 1803 976 1842 B,
1002 1810 1090 1835 corr.
1106 1800 1179 1834 Aer
1197 1800 1208 1844 ΙΙ
1229 1804 1248 1834 7
1269 1798 1500 1846 precipxbus

244 1847 296 1878 Aa
314 1846 326 1890 ΙΙ
344 1844 501 1889 *possim
525 1847 587 1878 AB
606 1846 618 1890 Η
638 1845 735 1880 dicet
759 1849 811 1879 Aa
828 1846 840 1889 ΙΙ
859 1850 879 1880 9
904 1846 989 1881 illut
1013 1849 1065 1879 Aa
1082 1847 1094 1890 ΙΙ
1115 1850 1156 1880 12
1182 1846 1261 1891 ipse
1285 1849 1337 1880 Aa
1354 1847 1366 1891 ss
1387 1850 1428 1880 15
1449 1845 1503 1880 hii

243 1894 289 1935 Δ,
315 1891 355 1925 hi
378 1893 416 1932 B,
442 1901 530 1927 corr.
557 1891 614 1926 Ro
644 1893 656 1936 ΙΙ
679 1892 772 1927 haec
796 1895 876 1933 AB,
908 1903 997 1927 corr.
1024 1892 1077 1927 Gr
1105 1893 1118 1937 ss
1144 1896 1186 1927 16
1213 1892 1298 1938 si[c]
1325 1893 1402 1928 edd.
1427 1892 1438 1936 ΙΙ
1460 1895 1501 1927 18

243 1949 356 1971 unum
381 1940 454 1981 AB,
481 1948 569 1972 corr.
596 1938 689 1993 Lat,
706 1950 756 1973 an
780 1938 946 1982 *(unum)
966 1941 1091 1973 tamen
1110 1939 1162 1983 (ἓ)
1195 1939 1206 1982 ΙΙ
1236 1939 1334 1973 esset
1356 1942 1386 1973 Δ
1415 1939 1427 1982 ΙΙ
1458 1942 1502 1973 20

244 1995 361 2030 *fecit
378 1998 439 2028 AB
458 1997 471 2040 ΙΙ
489 1996 701 2031 memoria*
719 1999 760 2037 Δ,
786 1996 985 2031 memori?
1003 1999 1029 2030 B
1049 1998 1061 2040 ΙΙ
1078 1996 1195 2031 nostri
1214 1999 1288 2041 AB,
1307 2006 1398 2032 corr.
1419 1995 1473 2030 Gr
1491 1997 1502 2040 Η

245 2045 287 2076 21
315 2045 399 2086 post
431 2042 579 2085 ,‚mihi.“
617 2042 790 2077 Narratio
820 2043 930 2077 rubro
961 2044 1076 2077 colore
1103 2044 1275 2087 semotum
1305 2043 1434 2088 legitur
1462 2043 1502 2076 in

245 2089 318 2123 cod.
345 2091 371 2121 Β
391 2088 402 2132 ΙΙ
420 2088 479 2122 Ius
504 2091 578 2133 pat.
603 2091 629 2121 B
649 2091 661 2133 ΙΙ
680 2088 934 2132 gravissimum
958 2091 984 2122 B
1003 2090 1016 2134 fl
1034 2093 1077 2123 22
1103 2089 1341 2134 *frugalitate
1366 2090 1406 2132 A,
1431 2087 1503 2123 fra-

244 2134 454 2225 gilitatsstoBss
467 2134 735 2216 Ηῖὶὲθὲἱοῗηᾎΐὲ
754 2135 1310 2225 'Pezffiizzgtig11f2gi2u42zscc
1331 2145 1418 2216 333
1439 2137 1503 2215 dtiu

245 2179 315 2271 {gg
331 2226 400 2273 us>
426 2227 619 2263 coluissem
645 2227 702 2262 Ro
721 2229 732 2271 ΙΙ
751 2232 794 2262 25
822 2238 973 2262 onerare
999 2229 1142 2263 cursavi
1167 2231 1192 2261 Β
