1586 2476
474 78 901 116 DECLAMATIONES.
929 78 1080 116 CCLXI.
1370 78 1427 121 69

141 203 232 246 ero,
271 189 333 232 sie
370 191 484 231 utar:
524 192 568 232 et
606 189 643 231 si
680 188 916 232 defecerint
954 187 1117 244 omnia,
1139 178 1243 231 ⁶non
1281 191 1429 231 tamen

139 263 376 305 pauperem
407 263 476 291 me
508 249 671 304 putabo
703 262 842 304 neque
874 250 1091 304 egentem,
1124 248 1196 290 sed
1229 263 1308 303 pro
1339 248 1428 290 illis

138 308 332 364 paternis
382 308 732 364 possessionibus
775 307 856 350 hos
902 307 1129 350 ostendam
1175 308 1308 363 cives3
1350 322 1428 362 pro

143 367 216 412 illo
248 366 424 410 faenore
455 367 571 410 hunc
601 367 821 423 populum.
871 371 914 410 et
945 381 1054 423 quae
1081 369 1206 409 tanta
1231 367 1430 423 patribus

138 427 221 483 ira,
265 442 374 483 quae
410 429 536 470 tanta
575 426 811 470 infelicitas
847 429 1024 469 nostrae
1063 426 1274 482 civitatis,
1315 426 1430 482 quod
1456 435 1476 468 5

138 487 202 530 rei
241 486 439 542 publicae
476 486 635 541 fatum,
679 489 728 530 ut
764 485 881 528 istud
919 485 1081 528 diutius
1120 489 1195 528 aut
1231 486 1430 541 pluribus

138 559 313 590 necesse
352 546 409 588 sit
448 545 763 600 <defendere>‘?
819 548 863 588 et
899 560 952 587 ne
992 545 1118 588 vobis
1151 545 1336 588 multum
1368 545 1430 588 vi-

139 605 244 649 dear
277 605 512 661 imputare:
543 619 631 648 non
662 607 764 647 sunt
794 604 869 647 isti
900 605 1073 647 onerosi
1105 605 1216 658 [isti]
1244 604 1430 648 faculta-

138 665 257 707 tibus
289 665 415 719 meis3
445 679 533 708 non
565 679 673 721 quos
705 664 864 720 ampla,
896 664 996 720 quia
1029 665 1090 707 sic
1122 679 1148 706 a
1173 664 1430 720 parentibus

140 724 250 767 meis
282 724 520 767 constituta
551 727 634 780 est,
665 723 839 767 fortuna
872 737 1028 780 graves
1069 723 1246 767 sentiat:
1292 724 1428 779 [quia]
1459 734 1502 765 10

139 783 327 826 vivimus
352 798 491 839 parce.
526 783 785 839 quantulum
811 786 878 826 est
897 784 1026 839 enim,
1050 783 1164 839 quod
1184 783 1431 839 accipiunt?

141 842 398 899 quantulum
437 845 522 898 est,
566 842 681 898 quod
722 842 931 899 exigunt?
981 857 1058 885 vos
1102 842 1290 886 fortasse
1333 843 1432 899 plus

141 902 510 957 consumpseritis,
529 904 687 957 patres,
708 902 779 958 qui
801 901 944 944 studia
963 901 1149 958 fovistis,
1165 902 1239 958 qui
1251 901 1304 944 ad
1319 902 1433 944 hanc

140 964 327 1004 aetatem
340 976 478 1017 usque
491 961 823 1016 <pro>vexistisz
849 961 958 1003 mihi
984 976 1155 1005 servare
1180 962 1296 1004 cives
1323 962 1432 1004 satis

139 1025 217 1063 est.
261 1034 311 1064 ac
342 1020 628 1064 nihilominus
659 1021 773 1076 quod
805 1020 850 1063 in
882 1021 990 1064 istos
1022 1021 1240 1076 impendo,
1273 1022 1310 1063 si
1342 1035 1430 1064 cre·
1459 1031 1502 1062 15

138 1079 254 1136 ditis,
284 1080 378 1136 ipse
408 1080 624 1137 frugalius
657 1080 775 1123 vivo:
808 1080 1015 1136 quidquid
1041 1080 1087 1123 in
1108 1080 1190 1123 hos
1211 1080 1432 1123 confertur

140 1141 270 1195 atque
315 1140 583 1196 congeritur,
624 1139 676 1182 de
726 1154 823 1182 meo
867 1143 953 1195 est3
998 1139 1241 1182 detrahitur
1289 1140 1433 1182 adule-

139 1195 327 1241 scentiae
361 1199 675 1255 voluptatibus,
713 1198 959 1242 detrahitur
1001 1200 1217 1242 concessis
1259 1199 1434 1255 alioqui,

140 1257 346 1314 quamdiu
371 1258 418 1301 in
443 1258 513 1301 his
541 1259 666 1301 annis
694 1273 862 1310 sumus,
894 1258 1214 1314 cupiditatibus.
1271 1258 1356 1301 duo
1381 1259 1434 1301 si-

140 1317 232 1360 mul
260 1332 481 1373 assequor:
517 1317 632 1374 quod
665 1321 707 1360 et
733 1318 955 1360 liberalius
983 1321 1026 1360 et
1052 1317 1267 1373 frugalius
1296 1318 1429 1360 vivo.«
1458 1327 1502 1360 20

681 1493 885 1538 CCLXI.

437 1574 672 1630 Aequatio
704 1576 1128 1631 patrimoniorum.

141 1659 192 1702 In
219 1674 304 1716 qua
329 1660 505 1703 civitate
530 1659 779 1716 frequenter
798 1661 971 1715 tyranni
993 1664 1126 1717 erant,
1152 1661 1238 1703 fert
1258 1662 1433 1717 quidam

259 1719 415 1777 legem,
445 1724 494 1762 ut
524 1719 790 1775 patrimonia
823 1724 1073 1776 aequentur.

663 1837 898 1881 SERMO.
1456 1850 1500 1881 25

228 1919 349 1963 Haec
394 1934 565 1975 quoque
608 1920 872 1976 aliquotiens
910 1923 1101 1963 tractata
1138 1923 1432 1965 controversia

140 1982 208 2022 est
239 1982 283 2022 et
313 1992 390 2034 per
421 1994 611 2022 summas
644 1979 781 2035 digeri
813 1982 971 2035 potest.

237 2099 255 2131 1
283 2097 409 2132 vertar
435 2098 489 2130 Aa
519 2098 530 2141 n
562 2099 582 2131 2
608 2108 722 2142 paup.
749 2097 930 2140 reputabo
955 2100 986 2131 A
1011 2097 1023 2142 ῙΙ
1048 2101 1068 2133 6
1095 2097 1238 2133 factum
1264 2101 1350 2133 AaB
1378 2101 1389 2145 [Ι
1410 2103 1430 2135 7

137 2142 394 2191 (defendere)
420 2144 518 2188 Aer,·
540 2142 756 2192 (probare)
776 2143 834 2180 Fr
853 2144 865 2190 u
884 2149 904 2181 8
933 2145 1028 2191 [isti]
1055 2145 1132 2181 edd.
1155 2147 1166 2190 Η
1186 2149 1206 2180 9
1234 2157 1307 2181 non
1334 2159 1368 2191 q.
1396 2158 1428 2182 a.

139 2202 175 2235 q.
202 2202 228 2226 Β.
255 2202 278 2226 a.
302 2203 338 2237 p.
364 2191 457 2227 meis
482 2202 548 2227 om.
576 2194 630 2226 Aa
661 2192 672 2236 11
706 2195 749 2226 10
779 2192 899 2239 [quia]
925 2192 984 2228 Ro
1003 2193 1016 2237 ΙΙ
1037 2196 1078 2227 12
1106 2194 1164 2228 est
1189 2204 1254 2229 om.
1281 2196 1308 2227 B
1341 2196 1352 2239 Η
1386 2198 1430 2228 14

142 2237 297 2274 vexistis
322 2241 364 2283 Δ,
390 2249 481 2275 corr.
510 2238 579 2275 Sch
600 2241 611 2284 {l
638 2244 679 2274 Ν
709 2242 739 2273 Δ
764 2240 775 2285 ΙΙ
803 2243 845 2275 19
873 2239 1122 2285 cupiditatum
1150 2243 1226 2286 AB,
1253 2252 1343 2277 corr.
1371 2240 1430 2276 Ro
