1578 2470
191 965 233 996 10

257 117 342 158 384
733 116 974 159 QUINTILIA
981 117 1031 151 NI

256 224 397 264 meriti
429 223 726 277 gravissimum
759 223 840 264 sibi
871 223 1029 264 crimen
1060 223 1182 278 obici,
1212 223 1362 277 utqui
1390 221 1506 264 solus

256 296 344 322 rem
363 281 578 334 publicam
599 281 845 335 defenderit,
865 281 1104 335 opprimere
1124 281 1307 323 voluisse
1328 281 1504 322 dicatur.

756 407 1000 451 CCCLIII.

622 488 980 542 Dispensatores
1014 489 1143 532 torti.

258 569 437 619 Quidam
483 571 536 611 ab
582 571 792 612 infitiante
827 571 1002 625 petebat
1037 570 1286 624 depositum.
1345 571 1509 625 dispen-

374 630 534 670 satores
566 628 786 682 utriusque
816 629 921 670 torti
953 629 1164 670 contraria
1193 628 1373 670 dominis
1398 628 1509 670 dixe-

373 689 482 728 runt.
516 686 567 728 de
599 687 767 740 integro
798 687 850 728 lis
883 689 958 728 est.

771 813 994 856 SERMO.

345 895 510 937 Petitor
540 910 710 938 necesse
743 898 807 937 est
830 896 1008 937 infamet
1034 895 1368 950 dispensatorem
1393 909 1513 936 suum

259 956 301 995 et
342 953 455 995 dicat
497 954 549 995 ab
594 954 834 996 adversario
879 956 1140 1007 corruptum:
1185 956 1227 995 et
1270 967 1319 995 ea
1361 953 1513 995 fiducia

258 1026 349 1053 esse
381 1011 501 1052 illum
533 1012 779 1066 infitiatum,
811 1026 905 1052 cum
937 1011 1206 1065 promitteret
1236 1011 1513 1066 dispensator,

257 1072 511 1124 negaturum
551 1083 594 1111 se
633 1070 760 1110 etiam
797 1069 841 1110 in
878 1069 1115 1110 tormentis.
1175 1069 1320 1123 itaque
1361 1068 1413 1110 ab
1446 1069 1513 1110 ad-

258 1128 447 1169 versario
477 1129 639 1182 natum,
670 1142 765 1169 cum
796 1127 850 1168 lis
883 1129 1013 1168 esset:
1056 1126 1396 1180 »dispensatores
1427 1129 1514 1167 tor-

194 1216 198 1230 .
259 1199 497 1240 queamus«
558 1185 738 1227 alterum
775 1184 886 1226 hunc
923 1185 1259 1239 dispensatorem
1297 1183 1390 1233 sani
1419 1198 1514 1238 pro-

193 1255 234 1285 15

192 1544 236 1575 20

260 1244 390 1297 positi
423 1243 544 1296 dicet,
575 1243 648 1297 qui
681 1257 846 1296 semper
878 1242 1088 1296 accepisse
1121 1256 1164 1282 se
1195 1241 1337 1296 palam
1363 1241 1516 1283 dixerit

261 1306 304 1342 et
336 1301 496 1355 statim,
527 1315 620 1342 cum
654 1301 776 1342 datus
803 1301 859 1342 sit
883 1301 928 1341 in
953 1302 1177 1354 tormenta,
1207 1299 1288 1341 hoc
1316 1299 1399 1340 sibi
1423 1313 1516 1354 pro-

260 1360 468 1414 posuerit:
499 1359 658 1413 »quid‘r'
692 1372 770 1412 ego
803 1373 883 1412 quo
916 1358 1103 1412 praemio
1135 1357 1375 1399 mentiar‘P«
1419 1371 1515 1399 con-

260 1417 418 1458 fessum
463 1431 565 1459 esse.
626 1416 685 1458 Et
723 1417 804 1458 hoc
847 1417 891 1457 in
934 1416 1039 1457 locis
1082 1416 1226 1456 valens
1272 1418 1354 1457 est:
1390 1418 1517 1456 »tuus

262 1475 529 1528 dispensator
567 1475 776 1528 accepisse
815 1488 858 1515 se
897 1474 974 1527 ait,
1017 1488 1135 1514 meus
1173 1473 1335 1514 dedisse
1369 1474 1517 1528 negat:

261 1533 386 1574 huius
430 1533 646 1587 potentior
687 1547 767 1574 vox
811 1528 893 1586 est3
936 1533 1082 1586 potest
1124 1531 1234 1573 enim
1274 1532 1402 1573 etiam
1444 1545 1519 1585 per

263 1591 392 1632 alium
441 1594 663 1632 numerata
719 1590 853 1631 videri
901 1590 1118 1644 pecunia«.
1197 1588 1325 1630 Initio
1377 1591 1517 1630 autem

262 1648 372 1690 dicet
413 1649 526 1689 hunc
570 1649 652 1689 sibi
695 1648 904 1702 placuisse
948 1661 1134 1698 servum,
1178 1649 1220 1688 et
1257 1647 1350 1688 ideo
1393 1661 1520 1701 supra

197 1716 200 1719 '
261 1707 450 1748 rationes
494 1720 586 1746 esse
623 1706 826 1759 positum3
873 1705 942 1746 sed
981 1707 1129 1758 postea
1166 1706 1208 1745 et
1238 1704 1413 1746 licentia
1443 1719 1520 1746 sua

194 1833 237 1864 25

263 1766 306 1805 et
343 1763 568 1806 securitate
606 1763 783 1816 domini,
821 1765 892 1815 qui
931 1763 994 1803 illi
1025 1762 1251 1815 plurimum
1284 1761 1518 1815 crediderit,

264 1837 355 1863 esse
381 1822 424 1862 in
451 1822 556 1863 vitia
586 1837 609 1862 a
635 1821 780 1862 multis
808 1823 1065 1874 corruptum,
1091 1823 1316 1874 antequam
1342 1820 1395 1861 ab
1420 1820 1519 1861 hoc:

265 1884 306 1921 et
343 1880 436 1921 ideo
479 1894 522 1921 se
554 1879 810 1933 deposuisse.
869 1878 978 1920 hanc
1011 1878 1091 1919 sibi
1123 1877 1359 1931 deponendi
1390 1877 1518 1919 fuisse

265 1953 452 1990 causam,
490 1952 583 1979 cum
621 1937 782 1978 videret
817 1937 861 1978 in
898 1937 1009 1978 malo
1051 1938 1166 1977 statu
1197 1935 1383 1977 rationes
1416 1949 1518 1977 esse.

1471 2045 1485 2062 r

358 2079 377 2109 2
405 2074 616 2109 defenderet
640 2076 713 2117 AB,
739 2085 826 2109 corr.
854 2075 928 2108 Aer
951 2075 964 2118 ΙΙ
995 2077 1014 2108 5
1041 2073 1218 2107 infiticnte
1242 2075 1271 2105 A
1290 2073 1302 2118 ΙΙ
1322 2075 1341 2107 7
1366 2070 1520 2116 integio-

264 2121 313 2155 ris
339 2123 395 2156 est
418 2124 448 2154 Δ
466 2123 478 2166 ss
505 2126 547 2156 10
572 2124 618 2151 ψ
643 2122 684 2154 in
708 2131 818 2165 mary.
846 2124 875 2154 Δ
893 2122 905 2164 ΙΙ
934 2124 1069 2154 12—13
1095 2119 1177 2154 adv.
1204 2119 1440 2153 subornatum
1465 2121 1490 2151 Ρ
1512 2118 1522 2162 {1

268 2171 402 2202 14—15
427 2167 627 2212 praepositi
651 2170 677 2200 B
701 2168 714 2211 ΙΙ
746 2171 787 2202 15
813 2167 920 2201 decet
943 2169 1006 2200 AB
1031 2167 1043 2209 ΙΙ
1074 2169 1116 2200 16
1143 2165 1270 2200 datum
1293 2166 1351 2210 ΒΗ
1384 2167 1518 2199 16-17

266 2216 505 2258 proposuerat
531 2217 590 2247 AB
608 2215 621 2258 ΙΙ
640 2217 683 2248 22
709 2214 768 2248 hic
795 2215 867 2257 AB,
893 2224 981 2248 corr.
1011 2212 1079 2247 Sch
1096 2213 1108 2256 ss
1127 2215 1170 2246 23
1191 2211 1369 2247 ratione
1397 2213 1427 2244 A
1444 2211 1456 2254 ss
1474 2214 1518 2246 25

267 2263 336 2295 isse
362 2263 388 2294 B
407 2260 419 2304 ΙΙ
438 2272 596 2304 anquam
622 2263 651 2293 A
669 2260 680 2304 ss
700 2260 746 2293 ad
771 2263 796 2292 B
