1586 2476
145 750 187 781 10

144 1040 196 1071 15·

139 1329 182 1361 20

139 1620 182 1651 25

135 1911 179 1943 30

223 110 280 152 30
703 111 1002 154 QUINTILIANI

218 217 338 259 brevi
357 217 601 260 condicione
620 218 768 272 decidi,
792 220 841 260 ut
865 218 1035 273 diceret,
1061 234 1143 274 qua
1161 220 1247 262 alia
1269 221 1363 276 lege
1383 235 1478 263 cum

218 275 292 317 illo
317 276 547 318 consistere
565 276 795 331 potuerim:
814 291 926 319 nunc
944 277 1096 319 callido
1116 279 1160 319 et
1177 280 1318 320 vetere
1338 293 1386 322 ac
1405 279 1477 322 diu

218 333 305 374 iam
336 334 579 389 excogitato
612 335 788 376 consilio
820 335 958 390 legem
987 349 1074 377 non
1104 335 1158 377 ad
1186 350 1304 379 reum
1335 336 1480 393 refert,

219 391 292 433 sed
323 392 376 434 ad
408 392 586 446 crimen3
617 395 660 434 et
689 397 909 448 tamquam
941 406 1021 448 ego
1052 393 1163 435 nihil
1194 395 1317 449 aliud,
1349 410 1476 450 quam

218 449 268 490 de
306 450 464 492 amissa
502 451 750 506 virginitate
786 451 900 493 filiae
938 465 1106 506 querar,
1143 452 1295 494 recitat
1325 453 1476 508 legem,

216 521 324 561 quae
350 512 498 550 contra
518 512 711 562 raptores
732 510 892 564 scripta
911 512 986 551 est.
1028 522 1107 564 ego
1127 512 1282 565 autem,
1306 511 1476 553 etiamsi

218 579 314 606 cum
338 566 431 620 ipso
458 580 638 621 agerem,
671 568 743 622 qui
767 570 978 622 rapuerat,
1002 570 1197 622 poteram
1221 570 1366 611 tamen
1389 583 1476 611 non

214 626 437 666 contentus
468 624 611 666 decem
642 626 830 680 milibus,
861 640 969 680 quae
995 626 1150 681 accepi,
1179 627 1224 668 in
1250 640 1477 682 argumen-

213 683 304 723 tum
335 682 529 738 inscripti
560 683 757 725 maleficii
787 684 882 739 lege
914 697 1041 739 agere
1072 684 1201 726 etiam
1232 698 1327 726 cum
1354 699 1476 739 para-

215 739 310 781 sito.
347 741 414 781 lex
446 741 571 795 enim,
601 756 708 795 quae
740 741 883 783 decem
908 742 1046 783 millia
1072 743 1234 784 solvere
1257 745 1475 798 raptorem

212 811 290 851 pro
315 798 461 840 ablata
486 799 738 854 virginitate
763 799 911 852 voluit,
941 802 1090 842 contra
1116 814 1187 842 eos
1214 801 1374 855 scripta
1398 803 1478 855 est,

213 856 286 909 qui
327 856 436 898 nihil
474 857 589 898 aliud
627 859 817 911 egerunt.
879 858 1078 899 differunt
1116 860 1259 900 autem
1298 858 1402 901 haec
1433 861 1477 900 et

210 915 405 967 personis
438 917 481 956 et
509 915 773 969 temporibus
815 918 858 957 et
887 916 1003 957 locis.
1074 930 1173 957 nam
1203 919 1252 958 ut
1280 916 1475 972 pulsatus

212 971 316 1013 civis
355 972 606 1014 iniuriarum
651 976 768 1028 aget:
812 973 848 1015 si
890 973 1168 1028 magistratus
1208 975 1305 1029 erit,
1346 974 1474 1016 maie-

213 1030 337 1071 statis
387 1031 546 1072 crimen
596 1031 877 1086 obligabitur3
932 1031 967 1073 si
1015 1031 1183 1086 legatus
1222 1033 1320 1087 erit,
1361 1031 1472 1074 bello

210 1087 494 1130 vindicabitur
520 1091 563 1130 et
587 1089 678 1130 iure
704 1089 914 1143 gentium3
942 1091 984 1130 et
1009 1089 1154 1131 eadem
1179 1091 1358 1144 pecunia
1377 1090 1475 1132 sub-

210 1145 300 1187 lata
332 1159 381 1187 ex
413 1146 580 1200 privato
611 1146 774 1189 furtum
807 1148 899 1202 erit,
930 1161 980 1188 ex
1013 1148 1199 1190 sacrario
1229 1149 1473 1203 temploque

211 1203 497 1259 sacrilegium:
530 1205 590 1246 sie
617 1208 766 1259 raptor
791 1205 893 1259 eius,
923 1219 1030 1260 quae
1054 1205 1162 1247 nihil
1189 1207 1315 1262 aliud,
1346 1220 1474 1261 quam

208 1261 497 1316 virginitatem
534 1263 670 1304 ultum
700 1263 799 1317 ibit,
837 1263 980 1305 decem
1024 1264 1160 1305 millia
1191 1265 1344 1307 solvet:
1389 1263 1474 1306 alia

209 1319 291 1360 erit
321 1320 510 1362 condicio
543 1321 644 1374 eius,
676 1321 748 1375 qui
778 1321 970 1375 rapuerit
999 1321 1045 1362 in
1076 1322 1274 1377 comitiis,
1305 1322 1377 1378 qui
1407 1336 1473 1364 ra-

208 1378 349 1431 puerit
380 1392 485 1433 eam‚
517 1393 624 1434 quae
653 1379 935 1421 sacerdotium
964 1380 1151 1434 petebat,
1180 1380 1310 1422 immo
1334 1393 1388 1422 ne
1411 1380 1473 1420 in-

209 1438 357 1490 gratus
389 1436 470 1478 sim
502 1437 702 1479 adversus
732 1437 939 1479 beneficia
963 1437 1110 1491 populi
1134 1438 1234 1492 iam,
1265 1440 1473 1493 quantum

207 1494 253 1534 in
277 1494 352 1536 illo
379 1497 482 1547 erat,
515 1498 748 1549 acceperat.
796 1496 926 1550 longa
950 1495 1061 1537 ratio
1094 1498 1170 1550 est,
1204 1497 1403 1550 quoniam
1427 1496 1474 1537 in

208 1555 504 1606 argumentum
540 1553 835 1594 tantummodo
874 1567 1025 1594 causae
1064 1553 1190 1595 huius
1228 1554 1278 1596 de
1314 1554 1473 1596 iniuria

206 1610 385 1663 parasiti
416 1610 579 1664 loquor.
629 1610 693 1652 Tu
725 1612 868 1652 autem
896 1610 1004 1652 mihi
1028 1625 1115 1652 non
1140 1611 1266 1653 debes
1290 1611 1472 1654 recitare

207 1667 358 1723 legem,
390 1682 497 1722 quae
529 1670 676 1710 contra
709 1668 947 1722 parasitum
973 1669 1131 1722 scripta
1157 1672 1234 1723 est,
1266 1683 1361 1711 eum
1387 1683 1470 1723 quo

205 1739 293 1767 non
324 1739 418 1781 ago,
450 1726 524 1767 sed
555 1729 703 1768 contra
733 1729 787 1780 te,
820 1726 892 1780 qui
922 1726 1117 1780 inscripti
1147 1727 1344 1769 maleficii
1373 1741 1470 1769 reus

205 1797 250 1826 es
293 1783 398 1839 lege.
459 1798 594 1839 neque
631 1785 743 1826 enim
789 1785 888 1838 hoc,
931 1784 1043 1839 quod
1074 1784 1228 1826 dicitur
1257 1788 1471 1839 raptorem

208 1843 260 1894 [ἓῖ
297 1842 435 1895 milia]
484 1857 505 1884 e
556 1843 651 1898 lege
695 1843 858 1885 solvere
897 1845 1094 1897 oportere
1131 1842 1169 1884 ei
1201 1844 1356 1895 solves,
1398 1843 1472 1897 qui

205 1900 341 1942 dicat:
384 1900 629 1955 »rapuisti‚‹<
669 1900 771 1954 <sed
812 1901 902 1955 ei),
942 1901 1015 1955 qui
1052 1900 1183 1942 dicat:
1225 1904 1470 1956 »raptorem

206 1958 506 2014 summisisti«‚
536 1958 609 2001 sed
640 1959 696 2014 ei,
740 1959 813 2013 qui
844 1958 973 2000 dicat:
1012 1959 1216 2001 »comitia
1245 1959 1470 2013 turbasti«,

300 2113 317 2143 1
343 2108 449 2144 bravi
474 2111 503 2142 A
540 2110 551 2153 ΙΙ
590 2112 610 2143 2
638 2119 719 2143 cum
745 2108 818 2144 alio
844 2111 891 2153 A,
928 2118 1018 2144 corr.
1044 2108 1098 2143 Gr
1133 2109 1144 2152 ΙΙ
1181 2111 1201 2143 8
1228 2099 1293 2143 ·’Χ-·
1318 2105 1466 2142 milibus

204 2158 234 2189 A
251 2157 263 2201 ΙΙ
283 2159 327 2190 14
352 2155 453 2190 cuius
479 2158 508 2189 A
527 2157 539 2199 ΙΙ
556 2155 774 2200 magestatis
799 2158 829 2189 A
853 2157 865 2200 Η
891 2158 934 2190 15
960 2153 1183 2199 obligavitur
1207 2157 1259 2188 Aa
1283 2155 1296 2198 [Ι
1322 2157 1364 2189 16
1388 2153 1467 2188 vin-

205 2213 387 2250 dicavitur
411 2216 464 2247 Aa
481 2214 493 2258 ῙΙ
513 2224 557 2248 ex
580 2213 658 2248 iure
686 2225 720 2257 g.
741 2213 811 2248 Βοὴ
829 2214 840 2258 ΙΙ
863 2217 903 2248 19
926 2205 978 2247 X·
993 2211 1110 2247 millia
1128 2215 1158 2246 A
1177 2213 1188 2257 Η
1207 2216 1250 2247 21
1276 2222 1347 2247 nen
1371 2211 1466 2257 ingr.

204 2264 234 2294 A
253 2262 264 2306 Η
283 2264 326 2296 23
353 2271 576 2306 quamquam
602 2260 671 2296 Βοὴ
690 2260 700 2304 ΙΙ
720 2263 763 2294 29
791 2262 848 2294 est
871 2259 953 2305 lege
978 2261 1059 2304 Aass
1080 2263 1125 2295 30
1149 2258 1243 2305 <sed
1268 2258 1330 2305 ei>
1354 2257 1411 2294 Ro
